4626 6728
1032 1128 1267 1191 miluinam
1709 1127 1769 1193 l2l

530 1298 589 1407 τδν
605 1334 677 1427 πρὸς
696 1332 751 1402 τδν
770 1332 892 1401 Λίοντα
903 1331 1117 1427 προσρώνησιν
1130 1334 1188 1406 τὴν
1204 1336 1235 1401 ἐν
1254 1342 1296 1421 τῇ
1315 1341 1372 1398 τοῦ
1388 1332 1524 1400 Τακίτου
1544 1325 1664 1402 ἐκδόσει
1680 1338 1778 1404 αὐτοῦ

530 1448 744 1540 εὑρισκομένην
780 1448 879 1540 λέγει,
918 1442 1007 1511 «Tu
1035 1463 1119 1511 vero
1152 1439 1214 1534 qui
1246 1451 1428 1532 utramque
1462 1438 1616 1532 linguam
1650 1442 1779 1537 optime

529 1559 649 1648 calles,
675 1557 720 1629 ad
739 1557 926 1651 perfectam
960 1555 1201 1647 eruditionem,
1217 1555 1396 1626 literarum
1425 1555 1633 1628 Graecarum
1658 1560 1778 1652 cogni·

529 1675 662 1746 tionem
699 1674 829 1744 sciebas
866 1697 940 1744 esse
979 1672 1282 1767 pernecessariam,
1303 1672 1423 1742 eodem
1461 1675 1606 1745 Lascace
1624 1687 1778 1768 auctore,

530 1789 642 1884 ipsam
659 1788 907 1883 propemodum
926 1788 1107 1860 Graeciam
1126 1787 1162 1857 in
1182 1787 1317 1881 ltaliam
1336 1786 1436 1881 quasi
1463 1787 1501 1858 in
1537 1812 1663 1860 novam
1682 1790 1778 1862 colo·

530 1907 626 1976 niam
651 1905 834 1987 deduxisu'.
855 1908 983 1976 Pueros
1008 1928 1040 1978 n.
1067 1928 1112 1975 ex
1132 1917 1203 1975 tota
1223 1904 1354 1975 Graecia
1374 1903 1410 1975 in
1429 1904 1556 1998 quibus
1575 1907 1627 1978 vis
1644 1906 1776 2003 ingenii

532 2034 568 2092 et
585 2020 676 2091 bona
694 2020 827 2090 indoles
854 2020 966 2091 inesse
983 2018 1178 2108 videbatur,
1210 2042 1290 2090 cum
1311 2018 1383 2089 suis
1415 2019 1673 2113 preceptoribus
1706 2024 1779 2093 Ro·

531 2157 626 2205 mam
648 2133 813 2223 evocasti,
833 2145 871 2204 ut
891 2146 925 2205 et
944 2133 1098 2226 linguam
1122 2132 1205 2225 ipsis
1223 2144 1376 2204 nostram
1397 2133 1609 2205 commodius
1627 2160 1689 2207 nos
1706 2150 1777 2209 tra·

532 2249 704 2340 deremus,
720 2269 886 2344 suamque
906 2248 960 2351 illi
978 2247 1077 2319 nobis
1102 2247 1279 2318 liberalius
1300 2246 1526 2340 impartirent:
1554 2271 1595 2320 ac
1627 2273 1688 2344 per
1714 2251 1778 2324 boc

532 2366 757 2437 seminarium
780 2366 961 2460 utriusque
985 2363 1095 2459 gentis
1110 2362 1230 2435 literae
1255 2363 1436 2435 altioribus
1453 2364 1627 2439 radicibus
1638 2367 1779 2442 innixae

412 2492 426 2521 ⁹
530 2481 710 2553 transferri
730 2505 771 2554 ac
793 2482 896 2553 latius
919 2481 1101 2578 propagari
1111 2493 1279 2575 possent»

580 2606 643 2670 Καὶ
654 2604 777 2695 Μοίριος
793 2603 809 2670 ὁ
827 2614 1000 2696 Μυυσοῦρσς
1019 2603 1060 2679 εἰς
1071 2603 1128 2674 τὴν
1142 2602 1200 2670 ὑπὸ
1210 2604 1337 2670 Παόλου
1351 2605 1529 2670 Μανουτίου
1539 2595 1592 2671 διὰ
1606 2618 1664 2673 τοῦ
1678 2610 1777 2675 τύπου

525 2707 784 2809 δημοσιευθεῖσαν
802 2718 942 2786 κατὰτὸ
965 2717 1057 2783 ibib
1078 2719 1148 2794 ἔτος
1167 2708 1288 2784 ἔκδοσιν
1306 2729 1364 2784 τοῦ
1379 2720 1556 2785 Παυσανίου
1577 2721 1777 2790 ἀποτείνεται

533 2834 564 2899 ἐν
580 2846 645 2910 τοῖς
664 2832 902 2925 προλεγομένοις
917 2833 990 2925 πρὸς
1003 2833 1059 2900 τόν
1077 2831 1197 2898 Λέοντα
1205 2822 1376 2909 <strodere
1392 2831 1504 2924 γὰρμὴ
1517 2836 1718 2902 παντάπασιν
1737 2840 1776 2904 σί·

532 2943 689 3038 ποσόεσθῇ
707 2951 746 3017 τδ
764 2943 938 3043 σωζόμενον
956 2950 1004 3016 ἔτι
1020 2959 1083 3016 τῶν
1101 2937 1291 3021 Ἑλληνικῶν
1299 2948 1416 3044 λόγων,
1431 2951 1540 3041 καίπερ
1557 2953 1628 3018 λίαν
1643 2944 1777 3046 ἀμυδρὸν

533 3070 580 3149 όν,
599 3068 656 3134 οὐκ
674 3068 799 3156 όλίγους
816 3067 851 3134 ίκ
862 3092 898 3134 τε
916 3068 1054 3159 Κρήτης,
1070 3067 1152 3133 ίκτε
1170 3066 1341 3159 Κορκύρας,
1355 3069 1410 3132 καί
1427 3076 1491 3133 τῶν
1509 3069 1775 3159 παραθαλασσίων

531 3194 588 3258 τῆς
607 3183 858 3281 Πελοποννήσου,
865 3179 1060 3274 μεταπίμψω
1079 3183 1265 3263 νεανίσκους,
1278 3191 1341 3248 τῶν
1359 3181 1440 3273 μήτε
1459 3182 1546 3273 ρόσιν
1565 3183 1684 3274 ἀγενῶν
1704 3180 1776 3276 μηθ’

533 3297 592 3365 ὑπὸ
618 3300 743 3390 χάσμης
761 3301 815 3366 καί
834 3298 1027 3390 νωθρότητος
1056 3296 1336 3390 ἐκνεναρκωμένων,
1352 3291 1426 3364 ἀλλ’
1437 3298 1629 3390 ἀγχινοίᾳτε
1649 3305 1776 3394 περισνί·

530 3440 595 3505 μων
615 3416 719 3483 καὶτὸ
734 3417 933 3508 ταλαίπωρον
948 3416 1084 3507 ἐχόντων
1104 3418 1134 3481 ἐν
1147 3426 1188 3504 τῇ
1207 3411 1305 3505 ψυχῇ,
1320 3414 1349 3480 ol
1363 3426 1414 3481 νῦν
1429 3416 1460 3481 ἐν
1478 3404 1581 3507 Ῥώμῃ
1601 3419 1682 3508 μήτε
1698 3421 1774 3487 στί·

530 3555 588 3621 γης
602 3527 673 3623 μήθ’
693 3531 861 3625 ἱματισμοῦ
880 3532 961 3623 μήτε
974 3543 1089 3624 τροφῆς
1108 3532 1307 3623 ἀποροῦντες,
1320 3531 1401 3624 μήτε
1412 3543 1566 3623 σοφιστῶν
1578 3535 1775 3628 ἐστερημένοι

529 3657 593 3712 τῶν
609 3638 765 3714 διδάσκων
781 3650 835 3714 καὶ
848 3647 1041 3739 βουλομένων
1067 3648 1120 3712 καὶ
1136 3638 1277 3729 εἰδότων,
1298 3645 1487 3739 θαυμαστῶν
1508 3650 1579 3712 ὅσον
1596 3652 1663 3741 περὶ
1682 3649 1775 3742 ἄμρω

529 3763 740 3852 προκόπτουσι
760 3773 806 3846 τῷ
825 3764 924 3857 λόγῳ,
944 3775 1002 3830 τοῦ
1020 3757 1114 3830 πάντ’
1133 3764 1259 3855 ἀρίστου
1277 3765 1331 3829 καὶ
1349 3765 1499 3855 μεγίστου
1519 3750 1640 3854 Ῥώμης
1665 3767 1774 3858 ἀρχιε-

526 3877 601 3968 ρέως
622 3886 802 3944 ΔΕΟΝΤΟΣ
821 3886 1005 3943 nudabor
1020 3883 1260 3970 χορηγοῦντος.»

577 3979 737 4069 Ὠσαότως
751 3991 767 4058 ὁ
780 3983 873 4068 Βίδας
886 3991 1067 4084 ἀπαριθμῶν
1079 3991 1136 4068 τὰς
1149 3989 1208 4058 ὑπὸ
1225 4002 1281 4067 τῆς
1295 3999 1358 4056 τῶν
1369 3982 1509 4058 Μεδίκων
1519 3990 1709 4084 οἰκογενείας
1721 4021 1780 4087 χο-.

527 4105 710 4195 ρηγηθείσας
725 4097 933 4182 ἐκδουλεόσεις
948 4118 990 4194 τῇ
1003 4105 1184 4197 ριλολογίᾳ,
1197 4095 1446 4189 ᾄδειίΡοείίσοσ,
1456 4098 1531 4173 Lib.
1542 4100 1668 4185 1,Vers·
1680 4105 1781 4193 tud).

768 4308 829 4370 «llll
843 4308 932 4370 etiarn
946 4308 1048 4370 Graiae
1063 4309 1193 4372 miserati
1207 4307 1390 4371 incommoda
1404 4309 1511 4388 gentis,

784 4406 829 4467 Ne
843 4404 974 4488 Danaum
985 4406 1102 4486 penitus
1121 4407 1241 4469 caderet
1256 4425 1322 4468 curn
1336 4407 1454 4468 nomine
1470 4407 1574 4481 virtus,

789 4504 823 4562 ln
837 4502 951 4563 Latium
966 4501 1105 4564 advectos
1118 4503 1250 4584 juvenes,
1259 4503 1458 4584 juvenumque
1471 4505 1637 4585 magistros,

762 4596 767 4604 ’
787 4601 938 4680 Argolicas
952 4607 1032 4662 artes
1046 4601 1152 4681 quibus
1165 4610 1244 4663 esset
1259 4620 1329 4663 eura
1344 4603 1434 4679 tueri,

790 4697 915 4759 Securos
934 4715 1031 4760 musas
1043 4697 1156 4778 jussere
1170 4707 1260 4780 atque
1274 4699 1333 4761 otia
1347 4717 1474 4761 amare·

579 4912 614 5002 9)
627 4909 707 4984 ’13οὺ
727 4919 758 4986 τί
776 4907 933 5013 διηγεῖται
951 4912 1290 5016 ἐντῷῦπαραγροίρῳ
1297 4933 1354 4999 τῆς
1367 4921 1604 5013 ἐπιστολιμαίας
1616 4910 1776 5015 διατριόης

529 5032 639 5116 αὑτοῦ,
649 5027 701 5098 De
714 5027 929 5122 quorundam
943 5028 1153 5100 Graecorum
1164 5028 1266 5100 bodie
1281 5028 1620 5128 opinationibus,r=epl
1634 5049 1691 5103 τοῦ
1702 5063 1777 5130 τυμ·

526 5141 645 5224 όοίντος
665 5148 750 5231 αὐτῷ
762 5139 919 5240 ὁμοειδοῦς
929 5151 1176 5242 νοσήματος,ότε
1189 5146 1248 5224 ἧσο
1268 5151 1418 5228 ἓπταετὲς
1433 5149 1491 5222 τὴν
1501 5151 1625 5227 ἡλικίαν
1638 5142 1777 5235 παιδίον,

527 5265 580 5330 καί
598 5265 658 5330 τίνι
679 5269 784 5357 τρόπῳ
808 5266 888 5340 ἰάθη.
919 5285 933 5323 ι
950 5264 1028 5358 Πρός
1050 5259 1213 5352 βεόαίωσιν
1232 5258 1268 5333 δὲ
1288 5278 1351 5334 τῶν
1375 5266 1605 5360 προρρηθέντων
1624 5258 1777 5360 διηγνίσσ·

524 5381 583 5490 μαί
598 5406 647 5466 σοι
666 5372 744 5464 Ιίδιον
763 5374 967 5475 συμόεόηκός.
988 5385 1051 5463 ,Καὶ
1069 5384 1112 5476 μὴ
1131 5386 1284 5489 ,γελόσης
1310 5384 1421 5465 ἀληθῆ,
1433 5384 1492 5483 γὰρ
1512 5387 1579 5479 ἐρῶ.
1598 5375 1778 5469 Ἐπταντθς
