4626 6728
819 1105 823 1110 =
928 1062 1058 1127 LEONIS
1083 1065 1230 1127 cuturn
1253 1064 1400 1126 flectas.
1748 1068 1785 1127 ll

797 1264 868 1335 Aut
885 1262 946 1357 qni
964 1284 1069 1333 manu
1084 1262 1234 1333 vibravit
1251 1273 1354 1331 aerata
1371 1260 1487 1331 valens

796 1380 945 1468 Hastile,
965 1389 1077 1450 totum
1097 1401 1222 1472 corpus
1237 1399 1412 1448 armorum
1429 1377 1541 1447 nitens

797 1494 962 1589 Fulgore,
982 1508 1017 1565 et
1035 1493 1144 1565 hostis
1163 1494 1416 1587 antagonistam
1443 1495 1517 1563 fero

796 1610 889 1681 Vicit
904 1609 1031 1702 duello,
1053 1632 1129 1680 mea
1147 1608 1225 1697 scit,
1238 1610 1453 1679 HELLADA
1471 1621 1503 1678 et
1525 1622 1637 1684 vocat.

796 1727 942 1819 Nanque
960 1725 1021 1796 illa
1042 1724 1187 1796 celebris
1207 1726 1383 1796 flectas
1405 1724 1461 1793 hic
1482 1748 1597 1797 coram
1623 1728 1758 1820 loquor,

796 1842 938 1912 AEterna
958 1842 1056 1936 cujus
1076 1842 1187 1935 gloria
1211 1841 1339 1912 illustri
1358 1841 1469 1910 nitens

795 1959 948 2051 Operum
970 1959 1106 2047 decore,
1127 1971 1281 2054 permeat
1297 1973 1395 2029 terrac
1417 1959 1599 2048 ambitum,

795 2073 927 2166 Perque
950 2071 1032 2162 alta,
1050 2073 1185 2161 transit,
1206 2096 1357 2166 equora,
1381 2097 1515 2142 aurorae
1535 2086 1640 2144 statas

795 2191 984 2285 Noctisque
997 2204 1121 2279 metas,
1141 2192 1170 2261 si
1188 2215 1255 2285 qua
1273 2192 1326 2261 vel
1341 2192 1460 2261 laevam
1483 2204 1614 2281 tenens,

793 2304 1004 2375 Dextramve
1019 2306 1145 2376 colitur
1162 2319 1264 2398 geute
1283 2306 1429 2399 sapienti
1448 2306 1562 2399 plaga,

793 2416 1068 2521 (Dementiorum
1087 2446 1167 2491 nam
1190 2422 1276 2491 mihi
1297 2447 1387 2494 curae
1408 2445 1528 2515 parurn
1550 2414 1614 2520 cst)

792 2537 877 2620 Qua
897 2538 1162 2608 GALLlCleS
1185 2537 1290 2607 insita
1311 2537 1502 2627 inanimis,
1524 2537 1583 2606 diu
1600 2604 1601 2607 ,

791 2652 1018 2746 splendescit,
1037 2652 1133 2722 omni
1161 2667 1354 2746 temporum
1375 2653 1500 2722 damno
1521 2678 1651 2726 carens.

838 2770 924 2840 Dedi
940 2770 1015 2863 ipsa
1033 2770 1142 2863 leges,
1158 2770 1248 2839 unde
1267 2771 1476 2839 ROMANAE
1497 2771 1592 2840 stetit

790 2885 940 2956 Ditionis
956 2887 1043 2956 ordo
1063 2887 1197 2974 firmus,
1217 2898 1376 2974 aeternus,
1397 2900 1540 2977 potens,

789 2999 990 3091 Praeclarus,
1018 2999 1220 3089 absolutus;
1242 2998 1315 3092 ipsa
1335 2998 1491 3070 homines
1510 3001 1602 3069 lerns

789 3115 981 3209 Agrestiori
1000 3117 1150 3186 saltuum
1171 3114 1267 3186 cultu
1288 3115 1437 3202 obsitos,

789 3229 939 3303 Feritate
960 3230 1076 3301 crudis
1094 3253 1164 3300 nnn
1187 3229 1372 3323 inaequales
1388 3229 1487 3318 teris,

789 3347 898 3414 lmmo
917 3344 1076 3431 seriores,
1093 3345 1185 3438 quod
1205 3345 1337 3414 utinam
1357 3344 1483 3414 falsum
1501 3345 1610 3416 loretl

789 3461 1035 3555 Propinquiori
1057 3461 1235 3556 sanguinis
1247 3486 1339 3532 nexu
1357 3485 1466 3555 genus

789 3577 928 3648 Sociare
943 3578 1073 3669 doctos,
1100 3576 1319 3648 architectari
1336 3577 1470 3665 domos,

787 3692 1053 3768 Cle'meutiorem
1077 3695 1194 3764 vivere
1219 3706 1254 3764 et
1273 3693 1392 3783 vitam,
1409 3717 1489 3764 suos

788 3814 951 3903 luterque
965 3810 1058 3878 cives
1080 3809 1174 3878 alere
1202 3807 1405 3877 concordem
1427 3806 1542 3891 iidem,

787 3927 915 3999 Animo
935 3924 1051 3996 lidcles
1069 3947 1155 4011 esse,
1177 3933 1292 4015 gratos
1312 3920 1486 4011 omuibus,

787 4039 1069 4134 Merentibusque
1085 4038 1212 4130 gratias
1233 4038 1324 4108 ultro
1344 4060 1441 4129 pares

788 4157 930 4227 Referre
948 4155 1058 4249 jussi:
1079 4176 1216 4246 qunque
1228 4151 1415 4245 tranquilla
1436 4151 1509 4221 dics

787 4277 825 4344 lu
845 4298 928 4368 pace
948 4273 1133 4362 traherent,
1150 4271 1223 4364 ipsa
1238 4270 1397 4364 praerepti
1419 4270 1546 4362 oppida

786 4391 924 4463 Vallare
944 4391 979 4460 in
996 4389 1125 4479 hostes,
1145 4400 1247 4481 atque
1264 4385 1395 4457 turritis
1412 4386 1535 4455 domos

781 4505 930 4580 ‘diubire
942 4505 1056 4599 pinnis
1073 4528 1081 4586 ;
1098 4501 1337 4596 expolitusque
1359 4512 1397 4570 ut
1423 4501 1516 4570 viros

786 4625 865 4692 Non
890 4621 1007 4691 vivere
1026 4619 1140 4707 modi),
1156 4617 1213 4687 sed
1236 4615 1335 4686 beate
1354 4614 1485 4702 vivere,

786 4740 830 4808 Et
848 4738 1027 4808 allluentes
1045 4733 1182 4827 opibus,
1201 4731 1330 4801 invidia
1346 4730 1481 4823 procul,

786 4853 920 4922 Durare
939 4849 1080 4935 vellem,
1101 4858 1193 4917 sorte
1213 4857 1394 4916 contentos
1412 4865 1484 4913 sua.

787 4969 833 5037 At
851 4964 1036 5035 delicatum
1051 4960 1199 5055 previde
1215 4960 1251 5028 iu
1276 4959 1399 5028 luxum
1414 4969 1508 5025 metu

787 5083 915 5153 Carere
935 5077 1091 5172 cupiens,
1107 5074 1236 5145 artium
1251 5071 1405 5165 explicui
1424 5070 1562 5156 modus,

786 5192 970 5291 vulgoque
987 5194 1086 5265 tritos
1108 5190 1253 5288 protuli,
1270 5189 1367 5263 vario
1383 5188 1509 5282 quihus

786 5313 899 5406 Opere
918 5309 1098 5396 elaborant
1116 5305 1232 5390 omnia
1253 5303 1400 5382 artifices
1418 5325 1552 5377 manus.
