4626 6728
745 1078 876 1141 Leonrs
899 1075 1047 1139 AtttTu
1068 1075 1216 1138 nonnas,
1254 1087 1258 1097 '
1577 1080 1615 1139 83

623 1274 749 1346 Videre
763 1274 928 1364 tenebris,
945 1271 1099 1363 audiere,
1116 1282 1150 1345 et
1169 1273 1286 1346 omnia

484 1391 489 1397 ’
623 1393 773 1477 Novere,
793 1412 912 1461 sensus
928 1400 1044 1460 erutos
1061 1388 1140 1459 aliis
1159 1389 1276 1483 palam

625 1503 842 1598 lnterpretati
857 1526 1007 1597 namque
1028 1501 1175 1574 flexibili
1195 1501 1327 1597 impetu

624 1620 729 1692 Varie
746 1631 876 1691 rotatas
893 1619 975 1690 hino
994 1631 1028 1691 et
1047 1619 1128 1690 hino
1144 1619 1260 1691 stellas
1280 1619 1355 1695 Poli

625 1737 844 1808 oculatiores
870 1736 995 1808 redditi
1013 1736 1152 1808 tandem
1168 1735 1300 1827 vident,

626 1850 944 1945 Ciroumvagosque
962 1873 1068 1922 eursu
1085 1850 1248 1944 inaequali
1270 1849 1434 1941 ambitus,

625 1966 695 2038 Seu
710 1966 810 2038 stella
828 1990 972 2038 nascens
988 1966 1095 2038 cladis
1115 1967 1316 2062 auguritum
1341 1965 1471 2062 gravis,

625 2079 847 2152 Felioitatum
866 2104 926 2153 seu
948 2081 1142 2153 luturarnm
1157 2081 1299 2172 indicat,

625 2196 803 2268 Deductus
822 2198 923 2268 astris
944 2198 1080 2269 animus
1100 2198 1195 2289 hino,
1216 2199 1327 2271 caleat
1346 2198 1477 2288 solum,

625 2316 671 2385 Et
690 2325 809 2409 aperta
828 2315 942 2409 pelagi
962 2316 1076 2408 dorsa,
1095 2316 1165 2407 vel,
1185 2318 1216 2387 si
1236 2340 1312 2411 quae
1334 2316 1457 2387 intimo

626 2429 796 2501 Barathra
815 2453 967 2522 recessu,
987 2442 1157 2524 penetrat,
1178 2443 1212 2503 et
1230 2430 1374 2502 latentia

626 2545 767 2616 Secreta
786 2567 917 2633 rerum,
939 2545 1075 2638 generis
1095 2556 1130 2617 et
1148 2567 1267 2617 veram
1282 2544 1436 2616 indolem

627 2661 804 2755 Cujusque
823 2660 975 2731 falsitate
993 2684 1063 2731 non
1083 2661 1225 2733 tinctam
1247 2660 1329 2735 doli.

627 2774 760 2865 Omitto
780 2774 929 2869 reliqua,
950 2798 1026 2869 quae
1045 2776 1149 2848 beant
1170 2776 1352 2849 hominum
1366 2797 1485 2871 genus.

627 2891 770 2985 Linguae
790 2891 946 2986 loquaois
967 2891 1125 2986 garrulos
1146 2892 1203 2963 odi
1223 2917 1336 2968 sonos.

677 3008 751 3101 Ego
771 3007 847 3101 ipsa
870 3007 1008 3101 populis
1028 3007 1260 3102 lmperatriois
1286 3008 1347 3078 diu

628 3122 769 3192 Honore
789 3121 921 3211 iuncta,
941 3121 1132 3215 prinoipem
1147 3134 1285 3216 gentem
1305 3146 1410 3193 manu

628 3238 720 3309 Rexi
742 3237 888 3331 potenti,
908 3236 1068 3331 plurimis
1087 3238 1303 3329 anullonis,

628 3356 673 3426 Et
693 3353 874 3448 copiosum
893 3352 1042 3448 singulis
1062 3354 1195 3426 vietum
1213 3354 1326 3426 attuli.

627 3471 720 3543 Dum
734 3471 833 3542 lance
852 3469 1025 3560 dextram,
1047 3469 1130 3540 dnm
1148 3480 1317 3564 potestate
1343 3467 1445 3539 extiti

627 3588 794 3659 Accinota
813 3586 965 3677 lumbos,
992 3585 1185 3680 prinoipem
1203 3596 1243 3658 ut
1257 3584 1340 3657 sane
1361 3585 1471 3673 decet,

629 3706 710 3773 Non
734 3700 930 3791 fluctuanti,
956 3723 1027 3771 non
1045 3701 1236 3794 procellosa
1255 3699 1351 3772 stetit

628 3819 857 3904 confusione,
870 3841 940 3887 non
961 3817 1052 3888 malo
1068 3841 1213 3910 regnum
1231 3818 1325 3908 dolo,

628 3934 696 4005 Sed
715 3935 791 4028 lege
810 3944 918 4018 reeta,
936 3932 1008 4004 vim
1022 3933 1193 4005 volutanti
1211 3933 1378 4022 inferens,

627 4051 838 4143 Summaque
859 4047 953 4142 paois
971 4047 1211 4120 administravi
1230 4048 1350 4119 domos

628 4164 884 4248 Faecunditate3
910 4164 1078 4258 plurimos
1098 4164 1207 4236 altum
1227 4188 1334 4260 prope

628 4281 808 4354 Beatitatis
828 4280 994 4352 verticem
1011 4281 1153 4374 appulsa
1177 4293 1264 4371 rate,

628 4399 744 4475 Etiam
763 4396 966 4469 execrandis
980 4397 1126 4468 liberavi
1141 4398 1185 4468 ah
1205 4397 1378 4492 operibus.

628 4515 674 4587 Et
692 4517 766 4610 ipsa
786 4513 976 4603 servitutis,
991 4513 1073 4604 heu,
1093 4514 1185 4584 subii
1202 4515 1339 4609 jugum.

629 4630 721 4716 Quid
741 4627 864 4700 enim?
883 4652 1036 4723 propago
1056 4629 1195 4719 Colica,
1220 4641 1257 4701 at
1275 4653 1345 4701 non
1365 4652 1442 4702 sum
1462 4631 1547 4720 Dea,

628 4746 784 4818 ldortalis
802 4757 842 4817 ut
860 4770 937 4840 quae
955 4758 1048 4818 veste
1068 4746 1207 4818 mortali
1226 4747 1339 4820 obsita

614 4863 758 4935 'Attrita
777 4863 879 4934 toties
899 4866 1151 4959 Imperatorum
1175 4863 1227 4935 lui

629 4976 839 5048 Mutatione:
859 5001 940 5048 nam
956 4978 1057 5049 malis
1079 4977 1161 5049 dum
1175 4977 1310 5069 servio;

629 5091 816 5185 Scelusque
832 5091 954 5182 tolero,
975 5093 1078 5163 corda
1095 5092 1177 5164 dum
1196 5092 1286 5162 ioeda
1310 5089 1436 5164 imbuit

629 5207 769 5299 Rabies,
789 5219 951 5301 protervo
971 5209 1084 5282 cineta
1103 5209 1275 5282 furiarum
1294 5209 1446 5305 agmine,

629 5326 686 5404 lde
705 5325 777 5398 lata
794 5325 957 5422 gravibus
981 5328 1183 5424 impetivere
1202 5327 1356 5425 undique
