4626 6728
864 1131 1129 1190 EKAEAOMENA
1148 1132 1445 1190 terrentianus.
1728 1126 1767 1194 {ll

583 1329 625 1409 ‘fl
651 1341 714 1408 ἄνω
733 1332 839 1426 ptem
867 1339 1047 1429 ἀριεροῦται
1065 1329 1107 1401 ad
1128 1328 1370 1402 lllustrissimis
1406 1339 1448 1400 et
1468 1329 1775 1402 Excellentissimis

536 1449 752 1544 Principibus
776 1445 914 1536 carolo,
930 1445 1110 1539 Maphaco,
1128 1458 1162 1518 et
1182 1445 1339 1535 Nimiae,
1355 1445 1520 1518 tratribus
1540 1444 1750 1522 Barberinis.

1100 1693 1212 1763 XXlll

581 1910 755 1982 Bennonis
778 1906 1080 1982 Durlrhundurlrhi
1100 1906 1207 1997 Slavi,
1224 1906 1258 1977 in
1280 1907 1397 2001 Spenti
1415 1907 1613 1979 Academici
1644 1908 1775 2002 Sepulti

533 2025 726 2119 epistolum,
755 2048 817 2118 pro
854 2022 1116 2116 antiquitatibus
1149 2022 1303 2093 Etruscis
1335 2021 1577 2116 lnghiramiis:
1612 2023 1776 2095 adversus

531 2140 656 2210 Leonis
667 2137 799 2230 Allatii,
813 2149 932 2210 contra
946 2137 1082 2209 easdem
1095 2136 1422 2226 animadversiones,
1432 2161 1588 2212 examen.
1614 2160 1775 2230 coenare,

532 2275 701 2345 nnumin,
717 2262 758 2338 εἰς
772 2264 836 2328 δον·

577 2483 690 2585 Ἔτέρα
711 2484 854 2587 διατριὸὴ
873 2497 940 2586 περὶ
966 2505 1029 2560 τῶν
1048 2493 1369 2588 προμνημονευθεισῶν
1387 2495 1638 2587 ἀρχαιολογικῶν
1658 2494 1776 2561 ἀνακα·

530 2609 651 2700 λύψεων
677 2622 733 2677 τοῦ
752 2605 942 2704 Ἰγγιραμίοο
962 2609 1257 2703 πραγματευομένη,
1275 2610 1311 2682 ἣν
1326 2609 1342 2676 ὁ
1359 2603 1525 2688 Ἀλλάτιος
1555 2607 1671 2702 ἔγραψε
1695 2611 1777 2703 μετὰ

529 2739 586 2794 τοῦ
605 2729 696 2819 pilton
715 2726 812 2794 αὑτοῦ
844 2721 1018 2819 Ἰνχορέροο
1035 2727 1198 2816 ἀνωνύμως
1225 2718 1296 2791 καθ’
1308 2725 1413 2816 ἑτέρας
1434 2724 1492 2791 ὑπό
1506 2750 1588 2802 τινος
1608 2736 1671 2792 τῶν
1699 2724 1776 2793 ὑπε-

529 2853 706 2934 ρασπιστῶν
725 2843 828 2908 αὐτῶν
843 2842 1009 2933 γραρείσης
1030 2843 1083 2906 καὶ
1103 2840 1161 2906 ὑπὸ
1181 2840 1239 2912 τὴν
1257 2839 1428 2931 ἐπιγραφὴν
1442 2833 1561 2902 Benno
1582 2832 1779 2903 Durltltun·

530 2951 686 3022 durlrhns
712 2952 848 3037 Slarus‚
863 2951 898 3020 in
927 2948 1045 3043 Spenti
1063 2948 1262 3020 Academici
1281 2948 1473 3041 epistulam,
1491 2972 1554 3042 pro
1584 2950 1776 3043 antiuqita·

530 3065 622 3136 tibus
655 3066 810 3137 Etruscis
831 3063 1065 3158 lnghiramiis,
1084 3075 1203 3134 contra
1236 3066 1384 3134 Leonem
1417 3063 1598 3156 Altanum,
1617 3073 1703 3140 κατὰ
1739 3075 1776 3139 τὸ

530 3189 608 3257 αὐτὸ
627 3191 697 3268 ἔτος
716 3190 758 3267 εἰς
781 3191 835 3257 poe
853 3180 905 3256 διὰ
923 3202 981 3258 τοῦ
1004 3191 1105 3257 τύπου
1124 3178 1383 3280 δημοσιεοθείσης.

1098 3428 1206 3499 XXlV

581 3644 712 3736 Hellas,
742 3643 777 3715 in
801 3645 932 3716 natales
966 3639 1128 3735 Delphini
1148 3641 1284 3728 Gallici,
1313 3643 1465 3716 carmine
1496 3641 1669 3728 lambien;
1698 3664 1778 3713 cum

538 3757 821 3853 interpretatione
849 3759 955 3831 latina
981 3759 1148 3832 Guidonis
1176 3760 1219 3832 cle
1248 3757 1644 3855 SouvignyBloesensis.
1664 3778 1781 3845 noran,

536 3876 738 3947 Excudebat
757 3877 970 3964 Muscardus,
984 3899 1140 3948 innexur-
1156 3877 1380 3972 Superiurum
1396 3875 1575 3970 permissu.
1596 3882 1647 3959 Εἰς
1665 3882 1729 3947 40⁹·

582 3994 633 4066 Ἐν
661 4011 706 4082 τῷ
724 4001 809 4068 κατὰ
827 4000 884 4072 τὴν
902 4000 1041 4094 γέννησιν
1061 3993 1251 4069 Λονδοὸἱκου
1269 3993 1316 4067 ltt'
1336 4001 1493 4074 ποιηθέντι
1521 4003 1574 4066 καὶ
1598 4011 1644 4080 τῷ
1669 3991 1726 4062 lll.
1744 4003 1778 4062 el

531 4112 614 4182 Rev.
633 4109 674 4182 D.
689 4108 825 4183 carullo
840 4109 881 4180 (le
898 4108 931 4180 la
946 4109 1131 4200 Vienvillc‚
1146 4109 1273 4182 abbati
1288 4108 1588 4179 Commendatorin
1616 4107 1657 4178 de
1673 4106 1777 4177 Sani·

530 4247 600 4318 guy
624 4231 887 4323 προσρωνουμένῳ
910 4235 1090 4323 ποιηματίῳ
1109 4234 1226 4316 τούτῳ,
1252 4227 1289 4298 οὗ
1307 4230 1336 4299 οἱ
1354 4241 1471 4324 πρῶτοι
1485 4231 1604 4322 στίχοι·

831 4407 1027 4480 marterinis,
1041 4403 1100 4463 οὐδ’
1110 4408 1221 4472 ἀπεικὸς
1236 4419 1293 4472 τοῖς
1307 4411 1429 4484 τρόποις.

834 4503 910 4581 (Φοᾷ
923 4506 977 4582 γὰρ
991 4504 1144 4579 ελθίσθημεν
1159 4506 1279 4580 εὐμενεῖς
1293 4501 1397 4579 πέλειν,

832 4603 889 4658 Καὶ
905 4606 989 4680 ρωσλν
1005 4603 1201 4678 respicecerem
1216 4603 1375 4678 εὖπράττειν
1390 4596 1490 4676 ὁμῶς),

831 4698 871 4756 Εὖ
886 4700 911 4754 τ’
922 4700 994 4761 ὄντες
1009 4702 1045 4761 εἰς
1061 4708 1116 4776 pum
1129 4702 1232 4776 μητρὸς
1247 4701 1278 4754 ἐκ
1292 4695 1405 4752 κόλπων
1420 4693 1507 4772 putu,

831 4797 943 4870 Μητρὸς
959 4796 1112 4872 κρατούσης
1127 4797 1343 4872 αὐτοκρατοῦντι
1356 4793 1466 4871 χῦονός,

833 4893 986 4970 Σκήπτροις
1000 4893 1109 4968 γονήων
1127 4893 1230 4954 πάντας
1244 4892 1456 4966 εὐθυνοομένοος

831 4987 966 5066 Ἐραννόν
980 4983 1036 5055 itin
1049 4990 1134 5064 θυμὸν
1148 4985 1286 5060 έκδόντας,
1303 4991 1384 5065 μέγα.

939 5080 1034 5156 κ.τ.λ.,
1076 5081 1170 5156 κ.τ.λ.,
1212 5081 1284 5158 κτλ.

532 5263 550 5330 ὁ
576 5258 742 5339 Ἀλλάτιος
774 5272 913 5353 παριστᾷ
936 5259 995 5332 τὴν
1023 5247 1167 5328 Ἐλλάδα
1204 5265 1498 5353 μελανειμονοῦσαν,
1518 5261 1573 5329 τὸν
1609 5261 1666 5336 τὴν
1690 5264 1777 5327 Γαλ-

532 5379 603 5456 λίας
619 5380 765 5471 ἀρτιγινῆ
780 5387 894 5447 τοῦτον
912 5382 1046 5470 acapna
1064 5375 1359 5470 πιριπτυσσομένην,
1374 5375 1432 5450 τὴν
1449 5376 1553 5448 πάλαι
1567 5376 1664 5455 αὑτῆς
1680 5366 1778 5453 δόξαν
