4626 6728
1010 1096 1268 1157 sumamma·
1392 1097 1405 1124 ⁵
1527 1117 1537 1138 ··
1629 1102 1630 1106 ’
1716 1087 1783 1155 m

544 1297 671 1368 lectum
686 1295 823 1389 collegii
838 1293 881 1365 do
900 1294 1122 1387 Propaganda
1142 1294 1237 1382 Fide,
1257 1291 1316 1387 qni
1335 1315 1404 1363 non
1423 1290 1557 1386 saepius
1577 1315 1639 1363 sna
1664 1293 1785 1364 risita-

544 1412 637 1483 tione
655 1411 813 1504 dignatus
832 1409 936 1481 astla
954 1407 1044 1478 nibis
1059 1408 1243 1502 aliquando
1262 1409 1427 1490 narravit,
1442 1409 1590 1479 Leonem
1605 1407 1787 1498 Allatium,

543 1528 693 1598 amicum
714 1549 826 1613 sunm,
846 1524 905 1617 qni
919 1525 1076 1595 eumdem
1097 1523 1299 1595 Pastricinm
1320 1523 1485 1595 librorum
1515 1546 1655 1594 snorum
1683 1523 1784 1595 ltere-

544 1642 621 1711 dem
640 1640 703 1710 snb
724 1638 862 1709 nomine
879 1638 1018 1731 Georgii
1036 1639 1192 1709 l’astricii
1207 1650 1410 1710 testamento
1426 1638 1632 1728 instituerat,
1643 1663 1688 1710 ex
1706 1640 1784 1731 qui·

543 1755 605 1825 bus
624 1755 794 1826 nonnnlos
814 1753 960 1824 ineditos
978 1753 1090 1842 habet,
1110 1754 1212 1822 unico
1227 1753 1360 1823 calamo
1376 1776 1477 1830 ,usum
1496 1753 1602 1824 luisse
1617 1752 1660 1823 ad
1677 1754 1788 1824 Grae-

543 1897 582 1943 ce
602 1872 821 1943 scribendum
841 1870 943 1964 (quod
963 1870 1218 1964 expeditissime
1237 1870 1397 1961 faciebat)
1431 1895 1491 1964 per
1506 1894 1613 1941 annos
1635 1870 1783 1964 qnadra-

543 1990 638 2083 ginta
654 2021 662 2079 ;
684 1999 718 2059 et
736 2013 776 2059 eo
792 1988 928 2059 tandem
946 1989 1073 2059 amisso
1092 1999 1223 2059 tantum
1244 2010 1312 2057 non
1333 1989 1548 2082 lacrymasse.
1566 1988 1721 2059 Eundem
1742 1988 1784 2060 ab

442 2121 448 2133 ‘
542 2105 742 2177 Alexandro
763 2105 824 2174 vll
843 2103 1113 2196 interrogatum3
1137 2103 1205 2173 Cur
1232 2102 1459 2173 sacerdotium
1482 2125 1551 2173 non
1569 2101 1785 2196 susciperet?

544 2220 680 2292 Festive
695 2220 921 2313 respondisse,
943 2233 980 2289 ut
997 2241 1131 2311 semper
1145 2217 1187 2288 ad
1202 2219 1384 2312 conjugem
1402 2218 1590 2289 ducendam
1610 2229 1700 2288 esset
1724 2242 1785 2312 pa-

543 2336 671 2426 ratior;
688 2337 756 2406 Cur
776 2357 857 2404 vero
874 2333 1010 2405 tandem
1031 2333 1213 2427 conjugem
1227 2355 1296 2403 non
1317 2331 1484 2403 duceret?
1500 2332 1544 2403 Ut
1562 2333 1606 2402 ad
1624 2332 1786 2404 sacerdo·

543 2452 629 2523 tium
649 2450 872 2544 expeditior.»
895 2452 1028 2540 (lousa.
1043 2453 1238 2539 Montanos,
1267 2453 1445 2521 Musaeum
1465 2450 1632 2524 ltalicum.
1661 2449 1738 2520 vot.
1759 2452 1786 2536 Ι,

544 2567 626 2659 Peg.
656 2573 714 2638 ot·
743 2567 1042 2656 ean1s11s‚4687.).
1074 2558 1164 2650 Ἴσως
1183 2575 1217 2639 ἐκ
1249 2584 1306 2641 τοῦ
1325 2564 1496 2640 ἀνεκδότου
1527 2573 1642 2641 τούτου
1674 2565 1787 2659 Qudne

543 2687 642 2779 ἀρχὴν
673 2688 692 2764 ἡ
718 2686 777 2754 ὑπὸ
796 2697 853 2753 τοῦ
879 2679 1060 2753 Γουστοὶὗου
1091 2689 1258 2779 Καμίλλου
1288 2688 1435 2761 sollte-l
1461 2690 1510 2755 ἐπὶ
1541 2700 1597 2765 τῆς
1618 2690 1785 2781 μαρτυρίας

543 2815 601 2869 τοῦ
618 2805 784 2894 Δομονίκου
803 2813 843 2871 Μ.
863 2805 969 2877 Μάννη
990 2803 1237 2896 μνημονευομένη
1264 2806 1375 2896 γελοία
1394 2797 1577 2897 παράδοσις,
1605 2808 1654 2872 ὅτι
1675 2807 1690 2873 ὁ
1709 2800 1785 2874 ’Ait-

542 2920 653 2996 λάτιος
683 2912 881 2982 «dormisse
908 2934 967 3004 per
998 2909 1253 3004 quarant'anni
1273 2913 1428 2984 continui
1461 2912 1517 2983 nel
1547 2913 1631 2985 letto
1663 2927 1785 3004 stesso,

543 3047 645 3095 senza
662 3024 725 3094 cho
746 3026 837 3097 lasso
856 3025 1077 3119 rioomposto.
1096 3054 1110 3090 ν
1128 3021 1198 3126 (nm
1218 3028 1256 3101 G.
1272 3030 1310 3099 C.
1331 3028 1499 3118 Gannrrt,
1514 3029 1593 3099 Vita
1609 3029 1644 3099 di
1665 3031 1703 3100 L.
1724 3029 1786 3101 Al·

542 3138 643 3226 lacci,
664 3141 746 3261 Ppg·
764 3142 833 3232 72).

594 3372 650 3474 llll
680 3373 816 3442 «Avant
832 3371 873 3441 tle
888 3371 1018 3442 donner
1033 3371 1066 3442 la
1082 3371 1160 3443 listo
1179 3373 1237 3442 cles
1257 3382 1394 3444 auteurs
1414 3373 1602 3468 liturgistes
1622 3375 1663 3446 de
1680 3369 1787 3467 l‘e'po·

541 3509 607 3580 que
623 3486 683 3580 qui
702 3508 788 3556 nous
815 3494 954 3579 occupo,
989 3509 1076 3557 nous
1096 3487 1212 3557 diruas
1231 3487 1276 3558 ici
1292 3488 1456 3583 quelques
1478 3503 1566 3560 mots
1590 3486 1670 3560 d’un
1707 3493 1787 3584 pre-

539 3603 642 3674 cienx
662 3615 862 3674 monument
878 3603 919 3673 de
932 3604 1124 3698 l'antiquitd
1143 3603 1401 3698 ecelesiastiqne
1416 3606 1499 3677 dunt
1517 3606 1641 3678 l’e'tude
1659 3619 1711 3678 est
1725 3610 1787 3680 nd·
1911 3621 1915 3631 '

539 3717 687 3788 cessairo
718 3717 948 3811 aquiconque
969 3730 1049 3789 veut
1071 3720 1231 3811 posse'der
1251 3743 1292 3790 en
1313 3721 1421 3792 entier
1440 3722 1489 3791 les
1516 3745 1656 3792 sources
1682 3722 1723 3792 de
1753 3723 1787 3794 la

409 3913 412 3918 ,
539 3833 674 3933 science
688 3834 885 3929 liturgique.
905 3837 950 3906 Ca
970 3835 1056 3904 livre
1076 3848 1127 3906 est
1141 3859 1253 3906 connu
1273 3861 1352 3906 sons
1371 3838 1402 3908 lc
1424 3861 1504 3908 nom
1520 3838 1561 3909 do
1579 3839 1704 3909 «Liber
1722 3840 1786 3910 Di·

540 3974 647 4022 urnus
667 3952 900 4023 Romanorum
924 3952 1160 4022 Pontificum.»
1180 3952 1362 4024 L'histoire
1378 3954 1470 4025 desa
1486 3954 1698 4048 publication
1716 3967 1786 4028 ten·

539 4070 593 4139 tie
610 4068 781 4161 plusieurs
796 4069 862 4139 lois
878 4079 912 4139 et
931 4069 1020 4139 enlin
1040 4070 1228 4162 accomplie
1244 4094 1286 4141 eu
1308 4079 1415 4161 4680,
1446 4095 1506 4166 par
1522 4073 1553 4144 le
1570 4075 1605 4148 P.
1625 4072 1784 4164 Garnicr,

536 4183 680 4275 Jesuite,
696 4193 747 4253 est
767 4183 891 4277 longua
916 4197 949 4255 et
968 4185 1134 4256 curiense.
1154 4185 1240 4256 Mais
1257 4187 1322 4258 elle
1344 4210 1430 4259 nous
1450 4188 1675 4261 entrainerait
1708 4201 1786 4284 trop

537 4298 610 4369 loin
630 4297 671 4368 de
691 4311 789 4370 notre
808 4300 908 4394 sajet.
936 4302 1031 4370 Nous
1050 4300 1166 4370 dirons
1187 4295 1483 4373 donc'soulement
1502 4327 1569 4397 quc
1590 4303 1621 4375 le
1652 4304 1785 4375 «Liber

537 4412 713 4483 Diurnus»
742 4423 793 4484 est
810 4438 855 4484 nn
877 4415 1003 4485 recueil
1021 4414 1079 4485 des
1095 4415 1259 4486 lormules
1274 4416 1357 4486 dont
1372 4418 1420 4487 les
1438 4420 1543 4512 Papes
1559 4441 1595 4490 sc
1613 4420 1786 4492 serraient

537 4529 662 4600 durant
687 4529 719 4600 le
740 4530 898 4617 sixidme,
920 4530 1097 4626 septicius,
1119 4545 1152 4603 et
1168 4532 1334 4604 huitidmo
1362 4535 1497 4624 sidclos,
1514 4547 1548 4606 et
1566 4535 1650 4608 dans
1670 4537 1785 4631 lequel

537 4669 582 4717 on
599 4656 722 4717 trouve
750 4647 798 4717 les
823 4648 906 4719 rites
927 4648 968 4719 de
994 4649 1067 4720 leur
1086 4649 1297 4739 ordination,
1318 4663 1352 4722 et
1373 4652 1414 4722 de
1434 4651 1537 4723 celles
1558 4651 1616 4723 des
1636 4655 1784 4747 ireques

537 4761 568 4835 d’
584 4763 681 4835 ltalio
711 4765 770 4858 qni
791 4765 917 4836 etaient
936 4765 1067 4860 obliges
1087 4767 1128 4837 de
1151 4769 1306 4839 recevoir
1323 4769 1344 4838 d
1363 4771 1471 4840 Rome
1491 4771 1524 4840 la
1546 4771 1785 4842 consecration

538 4879 745 4974 episcopale,
763 4881 809 4952 les
826 4881 1035 4974 professions
1052 4883 1092 4952 de
1111 4881 1174 4970 lui,
1194 4883 1243 4953 les
1263 4883 1462 4976 privileges,
1477 4885 1525 4953 les
1539 4884 1708 4973 mandato,
1735 4885 1785 4957 les

539 4994 757 5064 concessions
777 5004 811 5063 et
840 5006 956 5065 autres
989 5008 1082 5066 actes
1110 4996 1356 5071 semblableso
1385 4999 1620 5089 (Gnnnsnonn,
1641 5000 1785 5072 lnstitn·

540 5111 631 5182 lions
664 5110 909 5204 Lilurgiques·)
938 5108 979 5185 ‘H
1000 5120 1139 5211 συλλογὴ
1160 5122 1240 5194 αὕτη
1270 5113 1472 5213 ἐδημοσιεΰθη
1505 5123 1685 5217 τὸπρῶτον
1714 5127 1785 5217 οὐχὶ

539 5231 676 5298 κατὰτὸ
695 5232 786 5300 ’1680
804 5233 873 5310 ἔτος
892 5232 952 5301 ὑπὸ
968 5245 1025 5300 τοῦ
1044 5229 1213 5308 Ἰησουῐτου
1232 5231 1373 5302 Ἰωάννου
1392 5239 1553 5330 Γαρνορίοο
1571 5236 1612 5317 ὣς
1633 5239 1650 5307 ὁ
1670 5243 1785 5334 Γεράν-

539 5367 627 5436 γιρος
645 5361 778 5437 σημαιοῑ,
798 5348 882 5415 ἀλλὰ
910 5350 995 5419 κατὰ
1025 5349 1062 5417 τὸ
1087 5351 1192 5436 4658,
1213 5354 1243 5420 ἐν
1261 5341 1366 5445 Ῥώμῃ
1382 5355 1490 5435 τύποις
1501 5348 1621 5449 ΙἸωσὴφ
1640 5358 1783 5428 Βαννάκη

1641 5473 1662 5539 9
