4626 6728
941 1049 1072 1111 LEONIS
1091 1048 1235 1112 niuniu
1254 1053 1403 1115 tructus.

694 1294 702 1315 .
799 1241 852 1312 Ob
870 1243 1056 1337 impiorum
1076 1247 1204 1318 scelera
1221 1248 1403 1342 placarunt
1422 1251 1559 1333 Deum;

736 1385 738 1388 ⁴
797 1361 828 1430 Ο
845 1362 1050 1453 gaudiorum
1070 1376 1218 1456 quantus
1238 1366 1391 1436 exundat
1409 1367 1544 1461 liquor!

798 1477 1053 1570 Superllueutes
1079 1479 1139 1572 qui
1160 1479 1351 1574 voluptates
1372 1482 1450 1553 sinu

799 1593 931 1662 Fovere
957 1606 1144 1686 nequeunt,
1167 1595 1270 1689 quam
1287 1598 1376 1667 mule
1392 1598 1526 1670 iuterna
1546 1603 1708 1676 occulunt

800 1709 950 1803 Reposta
967 1720 1082 1782 mente
1101 1712 1247 1805 gaudia!
1265 1713 1405 1785 alteruis
1424 1717 1536 1788 solum

801 1827 919 1898 Fcrire
934 1828 1060 1922 plantis
1075 1853 1170 1901 more
1189 1831 1374 1902 saltantum
1392 1833 1519 1908 solent:

800 1943 897 2013 Motu
915 1966 977 2036 per
991 1967 1092 2014 auras
1107 1955 1213 2038 utque
1235 1945 1418 2040 multiplici
1434 1948 1532 2020 alites

800 2060 955 2132 Suhlimc
975 2062 1102 2134 librant
1113 2087 1250 2157 corpus,
1271 2066 1429 2136 exultant
1444 2068 1547 2138 simul

800 2178 986 2270 Cognatus,
1013 2177 1148 2272 hospes,
1169 2178 1267 2271 civis,
1292 2194 1394 2274 atque
1410 2182 1525 2252 animo
1542 2184 1617 2277 pari

801 2293 956 2383 Amicus,
972 2292 1091 2367 hostis.
1111 2294 1235 2385 Macte,
1255 2296 1338 2389 quid
1357 2298 1465 2367 nectis
1486 2299 1629 2368 moras?

800 2407 977 2478 Fruuntur
994 2407 1115 2478 oculi?
1134 2419 1211 2479 tene
1231 2412 1423 2481 communis
1440 2412 1531 2505 fugit

801 2523 967 2596 Lacinia?
984 2537 1133 2595 mentem
1154 2526 1203 2598 sic
1218 2541 1313 2597 tuam
1333 2529 1426 2598 retro
1453 2531 1605 2600 omnium

801 2643 1081 2735 Spectaculorum
1109 2645 1299 2715 maximum
1319 2656 1491 2718 ostentum
1507 2648 1619 2720 latet?

801 2759 876 2828 Rex
892 2757 1082 2850 imperabat
1096 2759 1287 2846 GALLtAE,
1305 2760 1376 2830 cari
1392 2785 1513 2854 gerens

799 2872 901 2943 Vices
919 2873 1085 2961 Parentis,
1104 2875 1372 2968 praepoteutique
1393 2877 1542 2948 insidens

800 2987 953 3077 Thmoo,
977 2989 1120 3058 dominii
1147 2989 1266 3082 regula
1280 2992 1453 3062 excellens
1475 2994 1542 3081 sui,

799 3107 854 3174 lus
880 3104 1005 3198 cuique
1023 3104 1180 3193 reddens,
1200 3128 1303 3197 opera
1319 3104 1397 3176 clim
1417 3120 1536 3201 potens
1555 3108 1652 3179 lavor

798 3220 982 3316 lujuriosa,
1004 3220 1118 3292 nescia
1139 3233 1172 3291 et
1191 3222 1277 3315 legis
1297 3223 1398 3316 parit,

798 3341 904 3425 Queis
914 3341 993 3434 jura
1013 3362 1176 3432 spernens
1201 3364 1326 3434 pravus
1346 3341 1488 3414 offendit
1502 3344 1628 3414 bonos:

799 3457 1000 3531 Beatiorum
1019 3456 1092 3526 Rex
1110 3457 1389 3549 Monarcharum,
1403 3461 1498 3554 quati

799 3573 875 3641 Nou
896 3571 1008 3642 facilis
1024 3571 1097 3642 ullo
1116 3571 1256 3662 robore,
1275 3586 1335 3644 aut
1354 3575 1510 3667 audacia,

799 3680 1033 3779 LODOlCUS,
1050 3710 1175 3780 agmen
1192 3688 1301 3781 plebis
1319 3689 1496 3760 immensae
1515 3713 1649 3784 regens,

800 3803 1007 3875 Antoritatis
1033 3803 1188 3872 maximo
1207 3804 1318 3896 maj0r
1337 3805 1455 3897 gradu.

800 3920 886 4004 Quis
902 3943 970 3990 uon
987 3941 1066 3988 eum
1086 3913 1254 3988 veretur?
1273 3940 1313 3986 ac
1336 3917 1442 3987 veluti
1461 3918 1534 3987 Deo

800 4034 1082 4107 Reverentiorem
1101 4056 1168 4103 uou
1190 4033 1221 4103 ei
1240 4013 1371 4104 cultum
1392 4032 1545 4120 exhibet,

800 4155 946 4224 Messem
965 4151 1143 4244 amplioris
1159 4151 1238 4220 iudo
1255 4150 1391 4220 virtutis
1407 4152 1520 4222 ferens
1529 4151 1546 4219 'l

800 4266 980 4355 Quavis?
999 4267 1090 4360 quod
1108 4266 1225 4336 animo
1245 4263 1374 4335 robur?
1391 4278 1450 4336 aut
1469 4265 1566 4336 hasta
1583 4266 1714 4354 valens,

800 4390 871 4458 Aut
890 4384 1067 4477 copiarum
1089 4382 1181 4453 mille
1196 4383 1317 4452 ductor
1332 4381 1494 4476 inclytus,

801 4504 870 4590 Qui
887 4524 967 4592 nou,
983 4524 1037 4591 eo,
1053 4497 1222 4584 minister,
1242 4509 1393 4590 aspecto,
1407 4520 1546 4567 manum

802 4621 939 4693 Servire
955 4629 1132 4712 promptus
1150 4614 1293 4703 tribuat,
1313 4624 1347 4685 et
1367 4613 1494 4684 collum
1510 4616 1595 4708 jugo

802 4738 934 4808 Servile
952 4734 1088 4829 placido
1103 4732 1238 4815 subdat,
1251 4743 1284 4802 et
1297 4731 1408 4801 factus
1424 4754 1485 4800 sua

801 4849 994 4923 Obedieudi
1012 4861 1103 4919 sorte
1122 4846 1275 4936 liberior,
1291 4842 1411 4916 colat?

737 4995 742 5005 ¹
802 4972 887 5054 Quae
906 4963 1055 5037 civitas?
1068 4989 1144 5058 quar
1159 4961 1273 5034 tecta?
1292 4961 1383 5056 quod
1403 4959 1528 5030 montis
1546 4957 1693 5053 jugum?

803 5086 988 5177 Specusve,
1008 5092 1042 5151 et
1056 5079 1161 5171 ampli
1177 5077 1276 5147 limes
1294 5088 1470 5147 extremus
1488 5071 1581 5143 soli‘l

804 5201 888 5285 Quae
906 5195 1103 5267 fluctuantis
1122 5192 1251 5282 lusula,
1273 5202 1332 5262 aut
1351 5188 1499 5260 Isthmus
1515 5188 1619 5260 maris

804 5322 966 5391 Emcrsus
986 5315 1098 5405 clueo,
1119 5307 1296 5387 lambenti
1317 5307 1485 5406 Principis
