4626 6728
764 1088 895 1150 uuouts
914 1086 1059 1149 stultu
1082 1087 1233 1150 nunus.
1592 1091 1629 1150 77

637 1301 741 1375 Facie
759 1302 947 1375 verendum
966 1303 1074 1397 jactat
1098 1303 1135 1375 in
1154 1326 1289 1376 umoenu
1308 1303 1411 1376 decus

637 1420 740 1505 Quod
756 1419 867 1493 video.
888 1420 1024 1492 Celeres
1046 1420 1167 1514 Virgo,
1188 1420 1400 1492 verecundos
1425 1431 1539 1495 tumen

636 1535 780 1626 Oculos,
799 1532 1003 1628 pedemque,
1022 1534 1210 1624 concitum,
1225 1548 1261 1606 ut
1280 1536 1416 1608 firmum
1436 1552 1572 1625 movet3

635 1652 680 1720 Et
699 1650 835 1721 liberali
854 1650 943 1721 dona
963 1649 1163 1744 dispensans
1185 1674 1303 1743 manu,

636 1769 753 1840 Gestat
773 1791 937 1840 eoronam
951 1768 1060 1839 eume
1078 1768 1270 1841 radiantem
1291 1793 1409 1846 nureo.

635 1878 782 1954 Fluente
802 1885 904 1977 peplo
924 1883 1022 1955 fusce
1036 1883 1232 1978 plantarum
1247 1895 1359 1976 tenus,

635 1996 763 2070 uetitis
784 1998 947 2071 decorum
967 2022 1093 2094 eorpus
1120 2001 1276 2072 obvolvit
1291 2002 1402 2097 plicis.

634 2114 800 2187 Protensu
817 2115 907 2210 repit
927 2116 1046 2206 vestis,
1066 2114 1236 2187 excedens
1253 2119 1407 2209 modum,

634 2232 859 2327 Humumque
875 2232 980 2326 longo
995 2231 1086 2303 redit
1105 2242 1140 2303 et
1159 2232 1266 2306 verrit
1280 2234 1369 2310 sinu.

636 2346 794 2417 Obscura
813 2347 950 2437 sindon,
965 2347 1107 2418 lloribus
1127 2347 1232 2418 variis
1254 2360 1381 2441 tumen,

635 2463 681 2534 Et
693 2474 766 2534 urte
779 2462 963 2556 diligenter
983 2484 1122 2557 aspersu
1142 2462 1254 2547 nitet3

636 2579 681 2649 Et
699 2576 895 2650 litterarum
914 2587 1040 2671 puncta
1061 2575 1245 2647 dubiarum
1265 2577 1370 2668 notis,

637 2696 722 2779 Quae
738 2706 852 2765 mente
870 2692 1004 2786 pollens
1025 2691 1149 2762 enthea
1169 2691 1282 2763 solum
1298 2692 1458 2787 explicet.

683 2811 833 2883 Praeibat
846 2809 919 2900 illa,
939 2832 1028 2903 pone
1043 2830 1149 2903 quem
1168 2809 1285 2881 multae
1303 2810 1407 2882 simul

636 2928 787 3002 Comites
804 2937 1016 3022 sequuntur;
1032 2926 1191 2997 omnibus
1211 2925 1335 2998 similis
1356 2929 1457 3020 stola,

637 3043 809 3138 Colorque
828 3041 965 3136 similis,
985 3041 1098 3113 iorma
1112 3040 1268 3134 specioso
1283 3043 1457 3134 omnibus,

637 3159 705 3232 Sed
722 3160 853 3232 honore
873 3157 998 3230 redunt
1016 3157 1207 3253 prinoipem
1220 3159 1375 3231 uominae
1393 3159 1530 3233 loeum:

635 3277 710 3348 Prae
726 3300 763 3349 se
782 3277 895 3347 ferens
915 3275 1051 3369 insigne
1070 3284 1202 3346 naturae
1215 3274 1342 3351 decus:

635 3394 720 3482 oue
739 3418 819 3466 eum
834 3393 984 3466 verende
1002 3393 1145 3465 dexteru
1162 3392 1330 3465 insontem
1348 3406 1482 3488 tenens,

633 3508 814 3604 Appressit
832 3507 938 3596 ulnis,
954 3529 1034 3578 ecee
1050 3505 1218 3600 Virgineo
1232 3507 1311 3580 sinu

632 3625 792 3720 Stringit,
809 3624 975 3719 genisque
988 3646 1095 3694 suave
1113 3622 1306 3695 formosum
1321 3627 1478 3699 osculum

633 3743 735 3818 Libet
752 3741 909 3815 tenellis:
935 3738 1059 3811 deinde
1079 3738 1246 3810 dilectum
1272 3741 1409 3814 intuens

632 3858 866 3953 Edulgnrnvit
880 3857 996 3947 verba,
1008 3866 1042 3926 et
1055 3855 1219 3947 intonuit,
1237 3855 1379 3928 modum

633 3975 796 4047 Sulieutis
815 3972 1009 4046 alternatis
1029 3971 1238 4046 temulentia.

633 4089 760 4175 Qualia
778 4090 913 4179 Laerta,
929 4085 1047 4181 qualia
1064 4086 1122 4156 uel
1142 4087 1249 4157 Atreo
1264 4097 1359 4158 sutus

632 4206 711 4276 Non
730 4226 790 4274 oro
811 4212 990 4297 streperet,
1007 4201 1081 4296 ipse
1098 4224 1163 4272 nee
1181 4201 1258 4297 Pyli
1277 4225 1404 4274 senex:

632 4319 744 4390 Teneo
763 4315 932 4409 Periclen,
951 4327 986 4388 et
1000 4315 1242 4410 Sophistarum
1261 4340 1376 4388 meros

632 4436 760 4526 Lusus,
780 4433 954 4529 loquentis
970 4432 1000 4505 si
1019 4435 1099 4504 Deae
1119 4455 1242 4505 vocem
1257 4432 1389 4505 audias.

681 4551 880 4648 Peregrina,
898 4550 983 4642 Fili,
1003 4549 1127 4621 deeora
1149 4560 1183 4620 te
1201 4571 1318 4620 coram
1335 4549 1443 4624 vides.

633 4668 821 4759 Occiduus,
836 4665 964 4761 inquit,
984 4686 1065 4736 nam
1087 4663 1166 4751 tihi,
1186 4664 1280 4736 Eous
1295 4663 1382 4735 mihi

633 4785 726 4876 Ager
745 4780 931 4853 habitetur.
946 4779 1094 4852 Celticus
1109 4776 1191 4848 hine
1206 4800 1260 4848 me
1275 4777 1311 4848 iu
1333 4777 1456 4850 domos

630 4899 921 4994 Duxerepluntae,
940 4895 1091 4969 tremitis
1108 4896 1213 4989 longo
1226 4895 1373 4986 ambitu,

632 5016 700 5089 Sed
718 5015 916 5112 concupito,
930 5013 1009 5085 cum
1028 5024 1106 5084 tuus
1126 5022 1266 5107 tongam
1285 5033 1407 5107 genes,

631 5132 678 5217 Et
696 5128 859 5203 advoluta
873 5150 997 5224 corpus
1017 5125 1207 5221 amplectar
1221 5136 1334 5201 tuum.

632 5251 681 5321 At
697 5245 759 5343 qui
776 5244 918 5317 seeretis
937 5266 1073 5339 cunque
1089 5246 1272 5317 Musarum
1283 5243 1437 5336 artibus,

632 5361 678 5437 ut
692 5357 819 5437 eruditi
833 5357 961 5435 fruitur
974 5355 1107 5454 eloquii
1121 5356 1245 5453 suerin,
