4626 6728
893 1139 1069 1199 ΛΕΟΝΤΟΣ
1083 1138 1280 1200 mmor
1297 1140 1432 1200 ΕΛΔΑΣ.

785 1356 932 1451 Πιρισσθς
952 1359 1035 1425 ὥστε
1055 1353 1157 1450 πάριτ’
1177 1358 1423 1452 ἐκλιλειμμένος.

783 1473 891 1551 Μέλας
904 1473 960 1565 μέν
978 1468 1016 1545 ἧε
1034 1472 1166 1555 πέπλος,
1187 1473 1315 1565 ἀνθηρὸς
1330 1466 1468 1584 θ’όμως,

784 1591 916 1682 Τέχναις
937 1583 1069 1682 ἅκριθῶς
1088 1593 1244 1668 ποικίλαις
1264 1593 1471 1686 ἦσκημμένος.

783 1707 914 1784 Στικτθς
925 1732 962 1774 τε
981 1722 1112 1800 μορφαῖς
1129 1710 1324 1800 γραμμάτων
1343 1710 1553 1804 μελαντέρων,

784 1809 935 1916 Ᾰμοῦνος
954 1826 1034 1891 εἴποι
1052 1827 1210 1917 πάνσοφος
1229 1837 1334 1919 σαφῶς
1350 1829 1437 1921 ἀνήρ

832 1936 947 2028 Πρώτη
961 1938 1016 2028 μὲν
1035 1929 1216 2031 ἦθ’ἧγεῖτο·
1236 1933 1322 2008 ταίθ’
1337 1937 1387 2009 ἐπ’
1398 1946 1484 2036 ἴχνια

783 2054 894 2131 Κείνης
911 2054 1037 2123 όπισθεν
1063 2058 1294 2129 ἐπηκολούθουν
1314 2063 1417 2152 μυρίαι

783 2174 935 2261 Στολμοϊς
951 2173 982 2238 ἐν
1004 2171 1110 2248 αὐτοῖς
1130 2175 1184 2239 καὶ
1203 2172 1299 2265 χροὴν
1317 2175 1465 2266 ἀλίγκιοι.

784 2287 905 2364 Πάσαις
919 2278 949 2352 δ’
961 2286 1083 2360 ἐπήνθει
1097 2289 1215 2365 κάλλος
1233 2288 1496 2380 ἐκπρεπέστατον.

783 2409 865 2478 Φυης
881 2393 1141 2494 ἐχουάάγαλμα,
1162 2404 1215 2468 καί
1232 2417 1308 2494 φυῆς
1326 2404 1437 2497 ἄκρον,

782 2518 906 2594 Μοθνης
922 2511 1074 2594 Ἀνάσσης
1092 2517 1310 2611 ὑστερούμεναι
1325 2521 1428 2611 μόναι.

832 2626 875 2711 Ως
893 2625 922 2699 θ’
935 2625 991 2707 ἥδε
1004 2625 1113 2701 nawa
1130 2637 1270 2713 ποτνίαις
1290 2638 1321 2702 ἐν
1340 2636 1473 2714 ὠλέναις

784 2732 918 2831 όδικτο,
934 2749 1108 2840 κᾴπηχυνε,
1125 2751 1178 2816 καὶ
1197 2751 1327 2826 κόλποις
1348 2750 1452 2843 μέσοις

783 2856 959 2957 Σφίγξασα,
979 2865 1079 2931 καλόν
1090 2890 1122 2929 τι
1140 2859 1230 2957 κάρτ’
1245 2866 1384 2957 ἐφίλησε,
1400 2867 1455 2933 καί
1474 2866 1586 2958 γλυκό.

782 2962 906 3046 imm
925 2969 955 3044 δ’
968 2979 1055 3070 όμμα
1074 2972 1296 3072 προσόαλοθσα
1315 2981 1461 3071 φιλτάτῳ

784 3096 952 3188 Βρόντησε,
977 3087 1179 3186 κᾴξήστραψε
1197 3099 1375 3188 κρουναίους
1392 3097 1519 3189 λόγους,

784 3214 875 3291 Οἴους
895 3209 933 3279 ἂν
952 3212 988 3279 οὐ
1007 3214 1145 3285 κόκησαν
1169 3205 1266 3281 οὐθ’ό
1287 3215 1434 3306 Δάρτίου,

784 3321 859 3397 Οὐδ’
872 3325 1004 3421 Ἀτρέως
1016 3343 1101 3412 παῖς,
1118 3321 1215 3398 οίιθ’ό
1235 3333 1269 3398 ἐκ
1286 3333 1391 3398 Πύλου
1410 3332 1517 3424 γέρων.

735 3490 738 3495 -
784 3456 867 3538 Σιγῶ
883 3450 1049 3536 Περικλῆν,
1062 3439 1093 3512 τ’
1104 3447 1190 3513 ἄλλα
1209 3440 1353 3539 Ῥητόρων
1371 3445 1447 3512 νέων

784 3563 864 3655 Πρὸς
880 3570 964 3654 ῥῆμα
981 3564 1082 3639 κείνης
1101 3553 1219 3655 φροῦθα
1238 3562 1485 3654 βαυκαλθματα·

829 3670 993 3770 Πρόσχημ’
1010 3677 1121 3770 ἀθρείς,
1139 3672 1291 3761 ίειπεν,ὦ
1311 3678 1436 3760 Τέκνον,
1457 3669 1556 3755 ξένον·

779 3792 902 3886 Δυσμόις
922 3796 959 3860 σθ
973 3792 1032 3887 γὰρ
1049 3793 1193 3876 ναίησθα,
1208 3794 1297 3890 κῄγὼ
1311 3785 1516 3871 θ”Δντολάς.

779 3892 874 3976 θνθεν
886 3901 980 3987 πόδες
994 3902 1026 4001 μ’
1042 3910 1170 4001 ἄγουσιν
1189 3909 1231 3986 είς
1246 3913 1378 3974 Κελτῶν
1393 3899 1499 4000 έδρας.

778 4027 932 4104 Τηλιστος
949 4017 1038 4104 οὑθός
1060 4025 1160 4109 ἔσκεν,
1179 4026 1263 4093 ἀλλὰ
1282 4026 1467 4117 προσφιλής,

778 4129 855 4207 Επεὶ
874 4141 1000 4234 θίγωσε,
1019 4145 1072 4209 καὶ
1090 4133 1187 4235 δέμας
1207 4141 1458 4234 προπτόσσομαι.

779 4256 900 4334 Πάντες
925 4248 954 4323 δ’
968 4258 1034 4324 όσοι
1059 4248 1212 4349 θρέψαντο
1227 4265 1358 4322 Μουσῶν
1374 4256 1406 4321 ἐν
1424 4266 1544 4345 μυχοῖς

778 4371 911 4465 Τέχνας,
926 4374 1034 4466 λόγοιό
1049 4367 1079 4440 τ’
1093 4376 1184 4466 όργια
1202 4363 1425 4463 πολυίθμονος·

652 4540 655 4545 .
779 4468 880 4555 final
898 4489 1045 4581 κραταιός
1063 4489 1149 4580 χερσί
1167 4486 1368 4577 παγχάλκοις
1388 4474 1466 4574 δόρυ

779 4594 951 4696 Κράθηνεν,
972 4606 1079 4680 ὅπλοις
1098 4613 1189 4693 σῶμα
1208 4597 1375 4692 θωρηχθεὶς
1395 4599 1487 4679 ὅλον,

779 4709 899 4812 Ἑχθρόν
919 4714 950 4788 τ’
968 4723 999 4788 ἐν
1020 4721 1085 4812 άρει
1103 4719 1227 4791 νίκησεν
1247 4715 1353 4791 ἀντίος
1375 4724 1485 4806 κυρῶν,

779 4825 866 4905 ίσασι
887 4838 987 4931 τάμὰ,
1007 4840 1060 4904 καὶ
1079 4825 1290 4909 κικλήσκουσέ
1310 4840 1475 4898 ΕΛΔΑΔΑ.

777 4958 906 5019 ΕΔΛΑΣ
925 4953 985 5045 γάρ
998 4951 1060 5043 εἰμί
1075 4949 1202 5032 Τέκνον,
1220 4956 1361 5029 Eam,
1380 4940 1416 5023 ἧς
1430 4943 1525 5021 κλέος

779 5056 940 5135 Ᾰσθεστον
959 5067 1058 5159 ίργοις
1072 5069 1186 5159 τιμίοις
1206 5059 1436 5156 πεπραγμένον,

781 5186 908 5252 Διελθθν
927 5186 1008 5259 έπτη
1026 5184 1100 5277 πρός
1115 5207 1152 5250 τε
1169 5194 1276 5275 γαῖαν,
1302 5181 1356 5246 καί
1382 5168 1436 5243 διὰ

781 5300 905 5368 Πόντου
924 5298 1059 5394 πέρασοε
1073 5299 1195 5380 νυκτός,
1211 5301 1231 5375 η
1246 5288 1275 5362 θ’
1289 5299 1362 5372 ἠοῦς
1378 5292 1487 5385 λέχος,

783 5396 814 5481 θ
834 5406 863 5481 θ’
876 5420 936 5485 είτι
954 5417 1093 5487 ποθέστί
1111 5416 1202 5499 λιιιέ,
1221 5402 1390 5489 κάπιθέξιιι
