<?xml version="1.0" encoding="UTF-8"?>
<!DOCTYPE html PUBLIC "-//W3C//DTD XHTML 1.0 Transitional//EN"
    "http://www.w3.org/TR/xhtml1/DTD/xhtml1-transitional.dtd">
<html xmlns="http://www.w3.org/1999/xhtml" xml:lang="en" lang="en">
 <head>
  <title>
</title>
<meta http-equiv="Content-Type" content="text/html;charset=utf-8" />
  <meta name='ocr-system' content='tesseract 3.04.00' />
  <meta name='ocr-capabilities' content='ocr_page ocr_carea ocr_par ocr_line ocrx_word'/>
</head>
<body>
  <div class='ocr_page' id='page_1' title='image "./leonisallatiihe00allagoog_0108.png"; bbox 0 0 4644 6758; ppageno 0'>
   <div class='ocr_carea' id='block_1_1' title="bbox 891 1035 1428 1103">
    <p class='ocr_par' dir='ltr' id='par_1_1' title="bbox 891 1035 1428 1103">
     <span class='ocr_line' id='line_1_1' title="bbox 891 1035 1428 1103; baseline 0.017 -11"><span class='ocrx_word' id='word_1_1' title='bbox 891 1035 1067 1095; x_wconf 81' lang='grc' dir='ltr'>ΛΕΟΝΤΟΣ</span> <span class='ocrx_word' id='word_1_2' title='bbox 1083 1039 1277 1103; x_wconf 78' lang='grc' dir='ltr'><strong>ΑΛΛΑΤΙΟΪ</strong></span> <span class='ocrx_word' id='word_1_3' title='bbox 1294 1043 1428 1102; x_wconf 78' lang='grc' dir='ltr'><strong>ΕΛΛΑΣ.</strong></span> 
     </span>
    </p>
   </div>
   <div class='ocr_carea' id='block_1_2' title="bbox 658 1237 1634 5381">
    <p class='ocr_par' dir='ltr' id='par_1_2' title="bbox 782 1237 1597 2492">
     <span class='ocr_line' id='line_1_2' title="bbox 790 1237 1485 1334; baseline 0.019 -33"><span class='ocrx_word' id='word_1_4' title='bbox 790 1247 899 1329; x_wconf 79' lang='grc' dir='ltr'><strong>Κυρεϊν</strong></span> <span class='ocrx_word' id='word_1_5' title='bbox 918 1237 1076 1322; x_wconf 77' lang='grc' dir='ltr'><strong>ἁπασέων,</strong></span> <span class='ocrx_word' id='word_1_6' title='bbox 1096 1240 1185 1334; x_wconf 86' lang='grc' dir='ltr'><strong>ἐργον</strong></span> <span class='ocrx_word' id='word_1_7' title='bbox 1205 1237 1269 1309; x_wconf 81' lang='grc' dir='ltr'><strong>εὖτ’</strong></span> <span class='ocrx_word' id='word_1_8' title='bbox 1283 1240 1321 1310; x_wconf 89' lang='grc' dir='ltr'><strong>άν</strong></span> <span class='ocrx_word' id='word_1_9' title='bbox 1338 1241 1375 1319; x_wconf 80' lang='grc' dir='ltr'><strong>ἦν</strong></span> <span class='ocrx_word' id='word_1_10' title='bbox 1391 1257 1485 1314; x_wconf 78' lang='grc' dir='ltr'><strong>Θεῶν.</strong></span> 
     </span>
     <span class='ocr_line' id='line_1_3' title="bbox 788 1345 1557 1448; baseline 0.016 -30"><span class='ocrx_word' id='word_1_11' title='bbox 788 1345 867 1419; x_wconf 79' lang='grc' dir='ltr'><strong>Ᾰλλ’</strong></span> <span class='ocrx_word' id='word_1_12' title='bbox 881 1352 982 1420; x_wconf 86' lang='grc' dir='ltr'><strong>ὤλετο</strong></span> <span class='ocrx_word' id='word_1_13' title='bbox 1001 1355 1115 1439; x_wconf 80' lang='grc' dir='ltr'><strong>κᾷυτύ,</strong></span> <span class='ocrx_word' id='word_1_14' title='bbox 1135 1357 1209 1448; x_wconf 89' lang='grc' dir='ltr'><strong>πρός</strong></span> <span class='ocrx_word' id='word_1_15' title='bbox 1220 1382 1257 1424; x_wconf 89' lang='grc' dir='ltr'><strong>τε</strong></span> <span class='ocrx_word' id='word_1_16' title='bbox 1274 1364 1451 1439; x_wconf 83' lang='grc' dir='ltr'><strong>λυσσῶντος</strong></span> <span class='ocrx_word' id='word_1_17' title='bbox 1469 1364 1557 1441; x_wconf 84' lang='grc' dir='ltr'><strong>κυνὸς</strong></span> 
     </span>
     <span class='ocr_line' id='line_1_4' title="bbox 789 1460 1486 1566; baseline 0.011 -33"><span class='ocrx_word' id='word_1_18' title='bbox 789 1471 926 1560; x_wconf 84' lang='grc' dir='ltr'><strong>Πάμπαν</strong></span> <span class='ocrx_word' id='word_1_19' title='bbox 943 1460 1094 1562; x_wconf 77' lang='grc' dir='ltr'><strong>διεσπάρη</strong></span> <span class='ocrx_word' id='word_1_20' title='bbox 1108 1495 1156 1552; x_wconf 92' lang='grc' dir='ltr'><strong>τε,</strong></span> <span class='ocrx_word' id='word_1_21' title='bbox 1172 1472 1225 1536; x_wconf 88' lang='grc' dir='ltr'><strong>καὶ</strong></span> <span class='ocrx_word' id='word_1_22' title='bbox 1240 1477 1438 1566; x_wconf 79' lang='grc' dir='ltr'><strong>κατεσκάφη,</strong></span> <span class='ocrx_word' id='word_1_23' title='bbox 1484 1511 1486 1515; x_wconf 39' lang='lat'><strong>¹</strong></span> 
     </span>
     <span class='ocr_line' id='line_1_5' title="bbox 786 1570 1402 1675; baseline 0.008 -26"><span class='ocrx_word' id='word_1_24' title='bbox 786 1570 883 1661; x_wconf 68' lang='grc' dir='ltr'><strong>άταις</strong></span> <span class='ocrx_word' id='word_1_25' title='bbox 901 1595 1040 1650; x_wconf 80' lang='grc' dir='ltr'><strong>πεσοῦσα</strong></span> <span class='ocrx_word' id='word_1_26' title='bbox 1058 1574 1208 1675; x_wconf 88' lang='grc' dir='ltr'><strong>δύσμορος</strong></span> <span class='ocrx_word' id='word_1_27' title='bbox 1228 1584 1402 1665; x_wconf 85' lang='grc' dir='ltr'><strong>θεηλάτσις.</strong></span> 
     </span>
     <span class='ocr_line' id='line_1_6' title="bbox 785 1691 1579 1802; baseline 0.014 -38"><span class='ocrx_word' id='word_1_28' title='bbox 785 1691 904 1790; x_wconf 83' lang='grc' dir='ltr'><strong>Φραδαὶ</strong></span> <span class='ocrx_word' id='word_1_29' title='bbox 922 1693 951 1766; x_wconf 88' lang='grc' dir='ltr'><strong>δ’</strong></span> <span class='ocrx_word' id='word_1_30' title='bbox 969 1702 1097 1782; x_wconf 69' lang='grc' dir='ltr'><strong>ἐκείνης,</strong></span> <span class='ocrx_word' id='word_1_31' title='bbox 1119 1707 1250 1793; x_wconf 85' lang='grc' dir='ltr'><strong>γλῶσσα</strong></span> <span class='ocrx_word' id='word_1_32' title='bbox 1266 1696 1296 1769; x_wconf 85' lang='grc' dir='ltr'><strong>τ’</strong></span> <span class='ocrx_word' id='word_1_33' title='bbox 1307 1695 1471 1796; x_wconf 78' lang='grc' dir='ltr'><strong>εύφραδής,</strong></span> <span class='ocrx_word' id='word_1_34' title='bbox 1488 1708 1579 1802; x_wconf 89' lang='grc' dir='ltr'><strong>λόγοι</strong></span> 
     </span>
     <span class='ocr_line' id='line_1_7' title="bbox 785 1812 1568 1909; baseline 0.006 -27"><span class='ocrx_word' id='word_1_35' title='bbox 785 1822 937 1908; x_wconf 83' lang='grc' dir='ltr'><strong>Στολμοῖς</strong></span> <span class='ocrx_word' id='word_1_36' title='bbox 957 1816 1126 1909; x_wconf 72' lang='grc' dir='ltr'><strong>πρέποντες</strong></span> <span class='ocrx_word' id='word_1_37' title='bbox 1147 1818 1411 1909; x_wconf 87' lang='grc' dir='ltr'><strong>ποικιλομόρφοις,</strong></span> <span class='ocrx_word' id='word_1_38' title='bbox 1427 1820 1510 1886; x_wconf 86' lang='grc' dir='ltr'><strong>αύτά</strong></span> <span class='ocrx_word' id='word_1_39' title='bbox 1529 1812 1568 1893; x_wconf 79' lang='grc' dir='ltr'><strong>δὴ</strong></span> 
     </span>
     <span class='ocr_line' id='line_1_8' title="bbox 784 1926 1425 2025; baseline 0.005 -27"><span class='ocrx_word' id='word_1_40' title='bbox 784 1935 829 1998; x_wconf 89' lang='grc' dir='ltr'><strong>Τά</strong></span> <span class='ocrx_word' id='word_1_41' title='bbox 842 1932 988 1998; x_wconf 83' lang='grc' dir='ltr'><strong>Μουσέων</strong></span> <span class='ocrx_word' id='word_1_42' title='bbox 1000 1932 1126 2014; x_wconf 92' lang='grc' dir='ltr'><strong>άποινα,</strong></span> <span class='ocrx_word' id='word_1_43' title='bbox 1147 1926 1200 1998; x_wconf 85' lang='grc' dir='ltr'><strong>καί</strong></span> <span class='ocrx_word' id='word_1_44' title='bbox 1217 1934 1425 2025; x_wconf 87' lang='grc' dir='ltr'><strong>μειλίγματα,</strong></span> 
     </span>
     <span class='ocr_line' id='line_1_9' title="bbox 785 2045 1520 2145; baseline 0.001 -30"><span class='ocrx_word' id='word_1_45' title='bbox 785 2051 878 2116; x_wconf 90' lang='grc' dir='ltr'><strong>Πόνοι</strong></span> <span class='ocrx_word' id='word_1_46' title='bbox 889 2075 926 2117; x_wconf 89' lang='grc' dir='ltr'><strong>τε</strong></span> <span class='ocrx_word' id='word_1_47' title='bbox 945 2049 1045 2142; x_wconf 81' lang='grc' dir='ltr'><strong>χειρός</strong></span> <span class='ocrx_word' id='word_1_48' title='bbox 1063 2052 1198 2141; x_wconf 86' lang='grc' dir='ltr'><strong>ίστορος,</strong></span> <span class='ocrx_word' id='word_1_49' title='bbox 1213 2051 1266 2116; x_wconf 92' lang='grc' dir='ltr'><strong>καὶ</strong></span> <span class='ocrx_word' id='word_1_50' title='bbox 1284 2045 1491 2145; x_wconf 80' lang='grc' dir='ltr'><strong>χρονοτριύεϊς</strong></span> <span class='ocrx_word' id='word_1_51' title='bbox 1517 2111 1520 2116; x_wconf 92' lang='grc'>.</span> 
     </span>
     <span class='ocr_line' id='line_1_10' title="bbox 783 2157 1597 2261; baseline 0.007 -31"><span class='ocrx_word' id='word_1_52' title='bbox 783 2157 897 2244; x_wconf 87' lang='grc' dir='ltr'><strong>Παῖδες</strong></span> <span class='ocrx_word' id='word_1_53' title='bbox 916 2167 1033 2259; x_wconf 88' lang='grc' dir='ltr'><strong>φρενός,</strong></span> <span class='ocrx_word' id='word_1_54' title='bbox 1059 2165 1102 2232; x_wconf 86' lang='grc' dir='ltr'><strong>τά</strong></span> <span class='ocrx_word' id='word_1_55' title='bbox 1118 2167 1236 2249; x_wconf 86' lang='grc' dir='ltr'><strong>πάντα,</strong></span> <span class='ocrx_word' id='word_1_56' title='bbox 1256 2178 1323 2258; x_wconf 90' lang='grc' dir='ltr'><strong>φεῦ,</strong></span> <span class='ocrx_word' id='word_1_57' title='bbox 1344 2159 1449 2260; x_wconf 84' lang='grc' dir='ltr'><strong>φροῦδ’</strong></span> <span class='ocrx_word' id='word_1_58' title='bbox 1463 2171 1597 2261; x_wconf 80' lang='grc' dir='ltr'><strong>οἴχεται·</strong></span> 
     </span>
     <span class='ocr_line' id='line_1_11' title="bbox 782 2273 1511 2375; baseline 0.004 -28"><span class='ocrx_word' id='word_1_59' title='bbox 782 2274 856 2349; x_wconf 83' lang='grc' dir='ltr'><strong>Οὐδ’</strong></span> <span class='ocrx_word' id='word_1_60' title='bbox 867 2284 951 2349; x_wconf 82' lang='grc' dir='ltr'><strong>ἐστιν</strong></span> <span class='ocrx_word' id='word_1_61' title='bbox 969 2273 1061 2350; x_wconf 76' lang='grc' dir='ltr'><strong>είδείν</strong></span> <span class='ocrx_word' id='word_1_62' title='bbox 1079 2279 1237 2371; x_wconf 65' lang='grc' dir='ltr'><strong>λείψανον,</strong></span> <span class='ocrx_word' id='word_1_63' title='bbox 1258 2278 1299 2348; x_wconf 80' lang='grc' dir='ltr'><strong>ὧν</strong></span> <span class='ocrx_word' id='word_1_64' title='bbox 1319 2280 1385 2375; x_wconf 83' lang='grc' dir='ltr'><strong>εἶχε</strong></span> <span class='ocrx_word' id='word_1_65' title='bbox 1396 2290 1511 2351; x_wconf 88' lang='grc' dir='ltr'><strong>καλῶν.</strong></span> 
     </span>
     <span class='ocr_line' id='line_1_12' title="bbox 782 2393 1511 2492; baseline 0.003 -27"><span class='ocrx_word' id='word_1_66' title='bbox 782 2410 830 2482; x_wconf 83' lang='grc' dir='ltr'><strong>Τῷ</strong></span> <span class='ocrx_word' id='word_1_67' title='bbox 846 2400 920 2492; x_wconf 79' lang='grc' dir='ltr'><strong>πρὸς</strong></span> <span class='ocrx_word' id='word_1_68' title='bbox 939 2400 1030 2490; x_wconf 90' lang='grc' dir='ltr'><strong>γόους</strong></span> <span class='ocrx_word' id='word_1_69' title='bbox 1045 2424 1093 2480; x_wconf 89' lang='grc' dir='ltr'><strong>τε,</strong></span> <span class='ocrx_word' id='word_1_70' title='bbox 1113 2399 1166 2464; x_wconf 86' lang='grc' dir='ltr'><strong>καὶ</strong></span> <span class='ocrx_word' id='word_1_71' title='bbox 1185 2393 1302 2490; x_wconf 85' lang='grc' dir='ltr'><strong>γέλωτ’</strong></span> <span class='ocrx_word' id='word_1_72' title='bbox 1319 2401 1511 2491; x_wconf 67' lang='grc' dir='ltr'><strong>ὀφλισκάνει·</strong></span> 
     </span>
    </p>

    <p class='ocr_par' dir='ltr' id='par_1_3' title="bbox 658 2504 1634 5381">
     <span class='ocr_line' id='line_1_13' title="bbox 827 2504 1453 2605; baseline 0.003 -27"><span class='ocrx_word' id='word_1_73' title='bbox 827 2507 852 2578; x_wconf 74' lang='grc' dir='ltr'><strong>ί)</strong></span> <span class='ocrx_word' id='word_1_74' title='bbox 872 2524 923 2577; x_wconf 89' lang='grc' dir='ltr'><strong>νῦν</strong></span> <span class='ocrx_word' id='word_1_75' title='bbox 942 2504 977 2578; x_wconf 83' lang='grc' dir='ltr'><strong>δὲ</strong></span> <span class='ocrx_word' id='word_1_76' title='bbox 995 2513 1088 2605; x_wconf 93' lang='grc' dir='ltr'><strong>μῦθος</strong></span> <span class='ocrx_word' id='word_1_77' title='bbox 1105 2508 1210 2594; x_wconf 72' lang='grc' dir='ltr'><strong>ἦλθεν,</strong></span> <span class='ocrx_word' id='word_1_78' title='bbox 1231 2508 1250 2600; x_wconf 75' lang='grc' dir='ltr'>ᾗ</span> <span class='ocrx_word' id='word_1_79' title='bbox 1268 2512 1453 2603; x_wconf 86' lang='grc' dir='ltr'><strong>τομόισατος</strong></span> 
     </span>
     <span class='ocr_line' id='line_1_14' title="bbox 780 2629 1470 2724; baseline 0.003 -29"><span class='ocrx_word' id='word_1_80' title='bbox 780 2632 879 2724; x_wconf 78' lang='grc' dir='ltr'><strong>Δάμας</strong></span> <span class='ocrx_word' id='word_1_81' title='bbox 895 2631 1085 2723; x_wconf 89' lang='grc' dir='ltr'><strong>σπαράττων</strong></span> <span class='ocrx_word' id='word_1_82' title='bbox 1103 2629 1220 2721; x_wconf 80' lang='grc' dir='ltr'><strong>τούμόν</strong></span> <span class='ocrx_word' id='word_1_83' title='bbox 1240 2631 1366 2722; x_wconf 87' lang='grc' dir='ltr'><strong>άλγύνει</strong></span> <span class='ocrx_word' id='word_1_84' title='bbox 1385 2631 1470 2723; x_wconf 82' lang='grc' dir='ltr'><strong>κέαρ.</strong></span> 
     </span>
     <span class='ocr_line' id='line_1_15' title="bbox 779 2733 1456 2838; baseline -0.003 -25"><span class='ocrx_word' id='word_1_85' title='bbox 779 2749 842 2813; x_wconf 81' lang='grc' dir='ltr'><strong>Καὶ</strong></span> <span class='ocrx_word' id='word_1_86' title='bbox 861 2746 921 2838; x_wconf 89' lang='grc' dir='ltr'><strong>γάρ</strong></span> <span class='ocrx_word' id='word_1_87' title='bbox 939 2746 1030 2822; x_wconf 83' lang='grc' dir='ltr'><strong>πόλις</strong></span> <span class='ocrx_word' id='word_1_88' title='bbox 1050 2736 1206 2822; x_wconf 81' lang='grc' dir='ltr'><strong>Βύζαντος</strong></span> <span class='ocrx_word' id='word_1_89' title='bbox 1225 2733 1364 2837; x_wconf 61' lang='grc' dir='ltr'><strong>’Πράνων</strong></span> <span class='ocrx_word' id='word_1_90' title='bbox 1382 2736 1456 2836; x_wconf 86' lang='grc' dir='ltr'><strong>ἐδρα</strong></span> 
     </span>
     <span class='ocr_line' id='line_1_16' title="bbox 779 2858 1513 2951; baseline -0.004 -24"><span class='ocrx_word' id='word_1_91' title='bbox 779 2860 891 2937; x_wconf 86' lang='grc' dir='ltr'><strong>Διττάς</strong></span> <span class='ocrx_word' id='word_1_92' title='bbox 911 2859 1085 2940; x_wconf 83' lang='grc' dir='ltr'><strong>θαλάσσας,</strong></span> <span class='ocrx_word' id='word_1_93' title='bbox 1102 2858 1160 2932; x_wconf 76' lang='grc' dir='ltr'><strong>τήν</strong></span> <span class='ocrx_word' id='word_1_94' title='bbox 1171 2883 1208 2925; x_wconf 91' lang='grc' dir='ltr'><strong>τε</strong></span> <span class='ocrx_word' id='word_1_95' title='bbox 1227 2860 1381 2951; x_wconf 93' lang='grc' dir='ltr'><strong>Βόσπορος</strong></span> <span class='ocrx_word' id='word_1_96' title='bbox 1400 2859 1479 2951; x_wconf 77' lang='grc' dir='ltr'><strong>χέει,</strong></span> <span class='ocrx_word' id='word_1_97' title='bbox 1511 2928 1513 2932; x_wconf 67' lang='grc'><strong>,</strong></span> 
     </span>
     <span class='ocr_line' id='line_1_17' title="bbox 704 2964 1423 3067; baseline -0.01 -23"><span class='ocrx_word' id='word_1_98' title='bbox 704 2974 706 2978; x_wconf 57' lang='grc'><strong>’</strong></span> <span class='ocrx_word' id='word_1_99' title='bbox 777 2977 838 3050; x_wconf 78' lang='grc' dir='ltr'><strong>Τὴν</strong></span> <span class='ocrx_word' id='word_1_100' title='bbox 858 2971 888 3042; x_wconf 83' lang='grc' dir='ltr'><strong>τ’</strong></span> <span class='ocrx_word' id='word_1_101' title='bbox 902 2977 981 3067; x_wconf 81' lang='grc' dir='ltr'><strong>ἀμφὶ</strong></span> <span class='ocrx_word' id='word_1_102' title='bbox 1000 2976 1133 3056; x_wconf 86' lang='grc' dir='ltr'><strong>Πόντος,</strong></span> <span class='ocrx_word' id='word_1_103' title='bbox 1154 2974 1213 3040; x_wconf 86' lang='grc' dir='ltr'><strong>θισὶ</strong></span> <span class='ocrx_word' id='word_1_104' title='bbox 1231 2964 1423 3067; x_wconf 78' lang='grc' dir='ltr'><strong>δεξιουμένη,</strong></span> 
     </span>
     <span class='ocr_line' id='line_1_18' title="bbox 774 3079 1422 3173; baseline -0.003 -13"><span class='ocrx_word' id='word_1_105' title='bbox 774 3079 817 3160; x_wconf 74' lang='grc' dir='ltr'><strong>ἶιν</strong></span> <span class='ocrx_word' id='word_1_106' title='bbox 837 3084 900 3160; x_wconf 80' lang='grc' dir='ltr'><strong>εἶδε</strong></span> <span class='ocrx_word' id='word_1_107' title='bbox 919 3086 1040 3158; x_wconf 78' lang='grc' dir='ltr'><strong>πώποθ’</strong></span> <span class='ocrx_word' id='word_1_108' title='bbox 1055 3093 1141 3168; x_wconf 76' lang='grc' dir='ltr'><strong>ἥλιος</strong></span> <span class='ocrx_word' id='word_1_109' title='bbox 1160 3090 1300 3157; x_wconf 79' lang='grc' dir='ltr'><strong>εἱλίσσων</strong></span> <span class='ocrx_word' id='word_1_110' title='bbox 1316 3091 1422 3173; x_wconf 77' lang='grc' dir='ltr'><strong>σέλας,</strong></span> 
     </span>
     <span class='ocr_line' id='line_1_19' title="bbox 773 3197 1479 3300; baseline -0.008 -23"><span class='ocrx_word' id='word_1_111' title='bbox 773 3197 833 3277; x_wconf 68' lang='grc' dir='ltr'><strong>λίπ’</strong></span> <span class='ocrx_word' id='word_1_112' title='bbox 846 3206 897 3276; x_wconf 84' lang='grc' dir='ltr'><strong>οὖν</strong></span> <span class='ocrx_word' id='word_1_113' title='bbox 912 3210 986 3293; x_wconf 82' lang='grc' dir='ltr'><strong>ἑῷος</strong></span> <span class='ocrx_word' id='word_1_114' title='bbox 1002 3203 1084 3300; x_wconf 82' lang='grc' dir='ltr'><strong>ἦμαρ</strong></span> <span class='ocrx_word' id='word_1_115' title='bbox 1104 3207 1271 3299; x_wconf 82' lang='grc' dir='ltr'><strong>ἀνθρώποις</strong></span> <span class='ocrx_word' id='word_1_116' title='bbox 1289 3206 1387 3299; x_wconf 86' lang='grc' dir='ltr'><strong>ἄγων,</strong></span> <span class='ocrx_word' id='word_1_117' title='bbox 1477 3279 1479 3283; x_wconf 46' lang='grc'><strong>,</strong></span> 
     </span>
     <span class='ocr_line' id='line_1_20' title="bbox 771 3313 1507 3418; baseline -0.005 -25"><span class='ocrx_word' id='word_1_118' title='bbox 771 3313 833 3392; x_wconf 65' lang='grc' dir='ltr'><strong>λίπ’</strong></span> <span class='ocrx_word' id='word_1_119' title='bbox 845 3322 897 3391; x_wconf 86' lang='grc' dir='ltr'><strong>σύν</strong></span> <span class='ocrx_word' id='word_1_120' title='bbox 916 3338 989 3407; x_wconf 81' lang='grc' dir='ltr'><strong>σκιᾷ</strong></span> <span class='ocrx_word' id='word_1_121' title='bbox 1004 3337 1063 3418; x_wconf 83' lang='grc' dir='ltr'><strong>γῆν</strong></span> <span class='ocrx_word' id='word_1_122' title='bbox 1083 3324 1208 3415; x_wconf 79' lang='grc' dir='ltr'><strong>ἕσπερος</strong></span> <span class='ocrx_word' id='word_1_123' title='bbox 1233 3324 1340 3399; x_wconf 92' lang='grc' dir='ltr'><strong>κλίνας</strong></span> <span class='ocrx_word' id='word_1_124' title='bbox 1357 3316 1451 3415; x_wconf 72' lang='grc' dir='ltr'><strong>ζυγά,</strong></span> <span class='ocrx_word' id='word_1_125' title='bbox 1504 3398 1507 3403; x_wconf 43' lang='grc'><strong>,</strong></span> 
     </span>
     <span class='ocr_line' id='line_1_21' title="bbox 766 3435 1505 3528; baseline -0.003 -23"><span class='ocrx_word' id='word_1_126' title='bbox 766 3435 843 3506; x_wconf 84' lang='grc' dir='ltr'><strong>Μέσ’</strong></span> <span class='ocrx_word' id='word_1_127' title='bbox 854 3443 910 3512; x_wconf 80' lang='grc' dir='ltr'><strong>ἤτε</strong></span> <span class='ocrx_word' id='word_1_128' title='bbox 928 3439 1004 3506; x_wconf 77' lang='grc' dir='ltr'><strong>θέων</strong></span> <span class='ocrx_word' id='word_1_129' title='bbox 1022 3436 1155 3503; x_wconf 82' lang='grc' dir='ltr'><strong>κέλευθα</strong></span> <span class='ocrx_word' id='word_1_130' title='bbox 1181 3436 1333 3528; x_wconf 84' lang='grc' dir='ltr'><strong>θερμαίνει</strong></span> <span class='ocrx_word' id='word_1_131' title='bbox 1348 3441 1454 3528; x_wconf 86' lang='grc' dir='ltr'><strong>φλογί,</strong></span> <span class='ocrx_word' id='word_1_132' title='bbox 1501 3462 1505 3515; x_wconf 90' lang='lat'><strong>&#39;.</strong></span> 
     </span>
     <span class='ocr_line' id='line_1_22' title="bbox 764 3540 1463 3644; baseline -0.004 -23"><span class='ocrx_word' id='word_1_133' title='bbox 764 3540 825 3623; x_wconf 62' lang='grc' dir='ltr'><strong>ἤτ’</strong></span> <span class='ocrx_word' id='word_1_134' title='bbox 839 3550 1018 3621; x_wconf 84' lang='grc' dir='ltr'><strong>Ἀντίποσσι</strong></span> <span class='ocrx_word' id='word_1_135' title='bbox 1036 3552 1150 3642; x_wconf 84' lang='grc' dir='ltr'><strong>πυρσόν</strong></span> <span class='ocrx_word' id='word_1_136' title='bbox 1170 3543 1340 3629; x_wconf 77' lang='grc' dir='ltr'><strong>ἀκοντίζων</strong></span> <span class='ocrx_word' id='word_1_137' title='bbox 1358 3554 1463 3644; x_wconf 91' lang='grc' dir='ltr'><strong>βαρύς,</strong></span> 
     </span>
     <span class='ocr_line' id='line_1_23' title="bbox 721 3659 1479 3757; baseline -0.003 -23"><span class='ocrx_word' id='word_1_138' title='bbox 721 3672 724 3677; x_wconf 78' lang='grc'><strong>’</strong></span> <span class='ocrx_word' id='word_1_139' title='bbox 764 3672 826 3735; x_wconf 79' lang='grc' dir='ltr'><strong>Καὶ</strong></span> <span class='ocrx_word' id='word_1_140' title='bbox 845 3671 891 3745; x_wconf 81' lang='grc' dir='ltr'><strong>τὶς</strong></span> <span class='ocrx_word' id='word_1_141' title='bbox 909 3659 937 3732; x_wconf 87' lang='grc' dir='ltr'><strong>δ’</strong></span> <span class='ocrx_word' id='word_1_142' title='bbox 949 3664 986 3732; x_wconf 80' lang='grc' dir='ltr'><strong>ἃν</strong></span> <span class='ocrx_word' id='word_1_143' title='bbox 1006 3666 1171 3756; x_wconf 71' lang='grc' dir='ltr'><strong>ἀρνήσαιτο</strong></span> <span class='ocrx_word' id='word_1_144' title='bbox 1188 3689 1196 3745; x_wconf 92' lang='grc'>;</span> <span class='ocrx_word' id='word_1_145' title='bbox 1223 3667 1479 3757; x_wconf 80' lang='grc' dir='ltr'><strong>τιμαλφεστάτη,</strong></span> 
     </span>
     <span class='ocr_line' id='line_1_24' title="bbox 763 3782 1485 3877; baseline -0.008 -25"><span class='ocrx_word' id='word_1_146' title='bbox 763 3789 825 3852; x_wconf 72' lang='grc' dir='ltr'><strong>Καὶ</strong></span> <span class='ocrx_word' id='word_1_147' title='bbox 841 3786 940 3877; x_wconf 86' lang='grc' dir='ltr'><strong>χερσί,</strong></span> <span class='ocrx_word' id='word_1_148' title='bbox 960 3785 1013 3849; x_wconf 85' lang='grc' dir='ltr'><strong>καὶ</strong></span> <span class='ocrx_word' id='word_1_149' title='bbox 1030 3782 1175 3872; x_wconf 81' lang='grc' dir='ltr'><strong>μύχεσσι,</strong></span> <span class='ocrx_word' id='word_1_150' title='bbox 1192 3783 1246 3848; x_wconf 84' lang='grc' dir='ltr'><strong>καί</strong></span> <span class='ocrx_word' id='word_1_151' title='bbox 1261 3794 1388 3873; x_wconf 80' lang='grc' dir='ltr'><strong>τρυφαῖς</strong></span> <span class='ocrx_word' id='word_1_152' title='bbox 1404 3784 1485 3849; x_wconf 81' lang='grc' dir='ltr'><strong>πολὺ</strong></span> 
     </span>
     <span class='ocr_line' id='line_1_25' title="bbox 761 3895 1430 3991; baseline -0.004 -25"><span class='ocrx_word' id='word_1_153' title='bbox 761 3912 876 3967; x_wconf 87' lang='grc' dir='ltr'><strong>Πασῶν</strong></span> <span class='ocrx_word' id='word_1_154' title='bbox 895 3897 1103 3991; x_wconf 81' lang='grc' dir='ltr'><strong>ὑπερφέρουσα</strong></span> <span class='ocrx_word' id='word_1_155' title='bbox 1121 3902 1232 3978; x_wconf 85' lang='grc' dir='ltr'><strong>πολλῷ</strong></span> <span class='ocrx_word' id='word_1_156' title='bbox 1252 3907 1297 3980; x_wconf 88' lang='grc' dir='ltr'><strong>τῷ</strong></span> <span class='ocrx_word' id='word_1_157' title='bbox 1318 3895 1430 3989; x_wconf 82' lang='grc' dir='ltr'><strong>μέτρῳ.</strong></span> 
     </span>
     <span class='ocr_line' id='line_1_26' title="bbox 676 3997 1530 4105; baseline -0.006 -23"><span class='ocrx_word' id='word_1_158' title='bbox 676 4046 680 4053; x_wconf 94' lang='grc'><strong><em>·</em></strong></span> <span class='ocrx_word' id='word_1_159' title='bbox 760 3997 803 4083; x_wconf 68' lang='grc' dir='ltr'><strong>ᾗι</strong></span> <span class='ocrx_word' id='word_1_160' title='bbox 822 4006 857 4081; x_wconf 80' lang='grc' dir='ltr'><strong>δέ</strong></span> <span class='ocrx_word' id='word_1_161' title='bbox 872 4015 1004 4105; x_wconf 85' lang='grc' dir='ltr'><strong>κράτους</strong></span> <span class='ocrx_word' id='word_1_162' title='bbox 1025 4000 1171 4102; x_wconf 86' lang='grc' dir='ltr'><strong>ἐδρασσεν</strong></span> <span class='ocrx_word' id='word_1_163' title='bbox 1191 4009 1207 4078; x_wconf 84' lang='grc' dir='ltr'><strong>θ</strong></span> <span class='ocrx_word' id='word_1_164' title='bbox 1228 4011 1359 4102; x_wconf 89' lang='grc' dir='ltr'><strong>κραίνων</strong></span> <span class='ocrx_word' id='word_1_165' title='bbox 1374 4011 1480 4077; x_wconf 86' lang='grc' dir='ltr'><strong>Πάλον</strong></span> <span class='ocrx_word' id='word_1_166' title='bbox 1525 4000 1530 4010; x_wconf 61' lang='grc'><em>’</em></span> 
     </span>
     <span class='ocr_line' id='line_1_27' title="bbox 759 4118 1423 4221; baseline -0.009 -23"><span class='ocrx_word' id='word_1_167' title='bbox 759 4143 919 4221; x_wconf 80' lang='grc' dir='ltr'><strong>Σκῆπτρον</strong></span> <span class='ocrx_word' id='word_1_168' title='bbox 937 4127 1085 4220; x_wconf 81' lang='grc' dir='ltr'><strong>κραταιὸν</strong></span> <span class='ocrx_word' id='word_1_169' title='bbox 1099 4118 1292 4219; x_wconf 75' lang='grc' dir='ltr'><strong>ἐξισούμενον</strong></span> <span class='ocrx_word' id='word_1_170' title='bbox 1310 4129 1423 4220; x_wconf 84' lang='grc' dir='ltr'><strong>χρόνῳ,</strong></span> 
     </span>
     <span class='ocr_line' id='line_1_28' title="bbox 758 4242 1521 4340; baseline -0.01 -26"><span class='ocrx_word' id='word_1_171' title='bbox 758 4257 932 4340; x_wconf 82' lang='grc' dir='ltr'><strong>Κρατοῦσιν</strong></span> <span class='ocrx_word' id='word_1_172' title='bbox 951 4243 1060 4321; x_wconf 83' lang='grc' dir='ltr'><strong>ἄλλοις</strong></span> <span class='ocrx_word' id='word_1_173' title='bbox 1076 4255 1232 4336; x_wconf 78' lang='grc' dir='ltr'><strong>σκῆπτρον</strong></span> <span class='ocrx_word' id='word_1_174' title='bbox 1248 4243 1390 4334; x_wconf 86' lang='grc' dir='ltr'><strong>εύνομίας</strong></span> <span class='ocrx_word' id='word_1_175' title='bbox 1406 4242 1521 4325; x_wconf 82' lang='grc' dir='ltr'><strong>κανών,</strong></span> 
     </span>
     <span class='ocr_line' id='line_1_29' title="bbox 756 4358 1634 4453; baseline -0.008 -25"><span class='ocrx_word' id='word_1_176' title='bbox 756 4375 917 4453; x_wconf 79' lang='grc' dir='ltr'><strong>Σκῆπτρσν</strong></span> <span class='ocrx_word' id='word_1_177' title='bbox 937 4359 1104 4452; x_wconf 85' lang='grc' dir='ltr'><strong>μόναρχον,</strong></span> <span class='ocrx_word' id='word_1_178' title='bbox 1129 4371 1298 4451; x_wconf 85' lang='grc' dir='ltr'><strong>σκῆπτρον,</strong></span> <span class='ocrx_word' id='word_1_179' title='bbox 1318 4359 1345 4425; x_wconf 84' lang='grc' dir='ltr'><strong>εἰ</strong></span> <span class='ocrx_word' id='word_1_180' title='bbox 1364 4365 1521 4441; x_wconf 76' lang='grc' dir='ltr'><strong>ΠΕΤΡΟΥ</strong></span> <span class='ocrx_word' id='word_1_181' title='bbox 1541 4358 1634 4449; x_wconf 88' lang='grc' dir='ltr'><strong>μόνον</strong></span> 
     </span>
     <span class='ocr_line' id='line_1_30' title="bbox 755 4463 1495 4562; baseline -0.009 -17"><span class='ocrx_word' id='word_1_182' title='bbox 755 4463 796 4545; x_wconf 64' lang='grc' dir='ltr'><strong>’ἓν</strong></span> <span class='ocrx_word' id='word_1_183' title='bbox 816 4466 934 4559; x_wconf 75' lang='grc' dir='ltr'><strong>ἐξέλῃς,</strong></span> <span class='ocrx_word' id='word_1_184' title='bbox 953 4464 1111 4556; x_wconf 86' lang='grc' dir='ltr'><strong>κύδιστον,</strong></span> <span class='ocrx_word' id='word_1_185' title='bbox 1133 4469 1262 4561; x_wconf 80' lang='grc' dir='ltr'><strong>ύψιστόν</strong></span> <span class='ocrx_word' id='word_1_186' title='bbox 1282 4466 1309 4537; x_wconf 83' lang='grc' dir='ltr'><strong>θ’</strong></span> <span class='ocrx_word' id='word_1_187' title='bbox 1324 4472 1411 4562; x_wconf 81' lang='grc' dir='ltr'><strong>ὁμοῦ.</strong></span> <span class='ocrx_word' id='word_1_188' title='bbox 1491 4548 1495 4555; x_wconf 37' lang='grc'><strong>,</strong></span> 
     </span>
     <span class='ocr_line' id='line_1_31' title="bbox 753 4576 1496 4682; baseline -0.003 -24"><span class='ocrx_word' id='word_1_189' title='bbox 753 4576 839 4666; x_wconf 61' lang='lat' dir='ltr'><strong>Mn</strong></span> <span class='ocrx_word' id='word_1_190' title='bbox 855 4584 890 4658; x_wconf 78' lang='grc' dir='ltr'><strong>δὲ</strong></span> <span class='ocrx_word' id='word_1_191' title='bbox 908 4590 1008 4676; x_wconf 83' lang='grc' dir='ltr'><strong>κᾲυτὸ</strong></span> <span class='ocrx_word' id='word_1_192' title='bbox 1024 4589 1094 4657; x_wconf 89' lang='grc' dir='ltr'><strong>ούτι</strong></span> <span class='ocrx_word' id='word_1_193' title='bbox 1112 4582 1185 4656; x_wconf 90' lang='grc' dir='ltr'><strong>κατ’</strong></span> <span class='ocrx_word' id='word_1_194' title='bbox 1195 4585 1300 4671; x_wconf 81' lang='grc' dir='ltr'><strong>αἶσαν,</strong></span> <span class='ocrx_word' id='word_1_195' title='bbox 1322 4589 1496 4682; x_wconf 88' lang='grc' dir='ltr'><strong>παμφάγου</strong></span> 
     </span>
     <span class='ocr_line' id='line_1_32' title="bbox 741 4697 1439 4798; baseline -0.004 -22"><span class='ocrx_word' id='word_1_196' title='bbox 741 4708 833 4796; x_wconf 82' lang='grc' dir='ltr'><strong>,Πρός</strong></span> <span class='ocrx_word' id='word_1_197' title='bbox 848 4719 904 4784; x_wconf 76' lang='grc' dir='ltr'><strong>τῆς</strong></span> <span class='ocrx_word' id='word_1_198' title='bbox 922 4697 958 4773; x_wconf 90' lang='grc' dir='ltr'><strong>δε</strong></span> <span class='ocrx_word' id='word_1_199' title='bbox 976 4706 1074 4798; x_wconf 85' lang='grc' dir='ltr'><strong>λύμης</strong></span> <span class='ocrx_word' id='word_1_200' title='bbox 1095 4697 1296 4796; x_wconf 80' lang='grc' dir='ltr'><strong>ἐξαφανισθέν</strong></span> <span class='ocrx_word' id='word_1_201' title='bbox 1314 4703 1439 4782; x_wconf 87' lang='grc' dir='ltr'><strong>άθλίως.</strong></span> 
     </span>
     <span class='ocr_line' id='line_1_33' title="bbox 746 4814 1477 4914; baseline 0 -25"><span class='ocrx_word' id='word_1_202' title='bbox 746 4814 818 4889; x_wconf 84' lang='grc' dir='ltr'><strong>.οἱδ’</strong></span> <span class='ocrx_word' id='word_1_203' title='bbox 833 4816 873 4888; x_wconf 86' lang='grc' dir='ltr'><strong>αὗ</strong></span> <span class='ocrx_word' id='word_1_204' title='bbox 888 4832 1005 4914; x_wconf 82' lang='grc' dir='ltr'><strong>προτοῦ</strong></span> <span class='ocrx_word' id='word_1_205' title='bbox 1025 4831 1224 4914; x_wconf 81' lang='grc' dir='ltr'><strong>κρατοῦντες,</strong></span> <span class='ocrx_word' id='word_1_206' title='bbox 1245 4820 1350 4912; x_wconf 79' lang='grc' dir='ltr'><strong>ἥρανοί</strong></span> <span class='ocrx_word' id='word_1_207' title='bbox 1362 4844 1400 4889; x_wconf 83' lang='grc' dir='ltr'><strong>τε</strong></span> <span class='ocrx_word' id='word_1_208' title='bbox 1419 4832 1477 4912; x_wconf 81' lang='grc' dir='ltr'><strong>γῆς</strong></span> 
     </span>
     <span class='ocr_line' id='line_1_34' title="bbox 658 4925 1410 5035; baseline -0.001 -35"><span class='ocrx_word' id='word_1_209' title='bbox 658 4967 662 4977; x_wconf 88' lang='grc'><strong><em>·</em></strong></span> <span class='ocrx_word' id='word_1_210' title='bbox 690 4973 694 4985; x_wconf 88' lang='lat'>·</span> <span class='ocrx_word' id='word_1_211' title='bbox 750 4938 846 5014; x_wconf 87' lang='grc' dir='ltr'><strong>Γαίας</strong></span> <span class='ocrx_word' id='word_1_212' title='bbox 867 4935 1028 5029; x_wconf 82' lang='grc' dir='ltr'><strong>πατρῴας,</strong></span> <span class='ocrx_word' id='word_1_213' title='bbox 1048 4936 1101 5002; x_wconf 83' lang='grc' dir='ltr'><strong>καὶ</strong></span> <span class='ocrx_word' id='word_1_214' title='bbox 1119 4925 1224 5029; x_wconf 88' lang='grc' dir='ltr'><strong>δόμων</strong></span> <span class='ocrx_word' id='word_1_215' title='bbox 1239 4935 1410 5035; x_wconf 80' lang='grc' dir='ltr'><strong>ἐγχωρίων,</strong></span> 
     </span>
     <span class='ocr_line' id='line_1_35' title="bbox 749 5043 1426 5147; baseline -0.007 -27"><span class='ocrx_word' id='word_1_216' title='bbox 749 5051 821 5147; x_wconf 82' lang='grc' dir='ltr'><strong>ίρῶν</strong></span> <span class='ocrx_word' id='word_1_217' title='bbox 839 5046 869 5121; x_wconf 88' lang='grc' dir='ltr'><strong>τ’</strong></span> <span class='ocrx_word' id='word_1_218' title='bbox 888 5055 1012 5146; x_wconf 81' lang='grc' dir='ltr'><strong>ἀγανῶν</strong></span> <span class='ocrx_word' id='word_1_219' title='bbox 1030 5043 1121 5146; x_wconf 80' lang='grc' dir='ltr'><strong>δηρόν</strong></span> <span class='ocrx_word' id='word_1_220' title='bbox 1140 5045 1318 5145; x_wconf 72' lang='grc' dir='ltr'><strong>ἐξενισμένοι</strong></span> <span class='ocrx_word' id='word_1_221' title='bbox 1424 5110 1426 5115; x_wconf 92' lang='grc'>.</span> 
     </span>
     <span class='ocr_line' id='line_1_36' title="bbox 690 5156 1483 5263; baseline -0.003 -27"><span class='ocrx_word' id='word_1_222' title='bbox 690 5212 694 5218; x_wconf 79' lang='lat'><em>=</em></span> <span class='ocrx_word' id='word_1_223' title='bbox 747 5156 865 5261; x_wconf 81' lang='grc' dir='ltr'><strong>Χρόνον</strong></span> <span class='ocrx_word' id='word_1_224' title='bbox 883 5176 1043 5243; x_wconf 72' lang='grc' dir='ltr'><strong>πλανῆται</strong></span> <span class='ocrx_word' id='word_1_225' title='bbox 1062 5160 1220 5263; x_wconf 87' lang='grc' dir='ltr'><strong>δύσμοροι,</strong></span> <span class='ocrx_word' id='word_1_226' title='bbox 1240 5159 1330 5235; x_wconf 78' lang='grc' dir='ltr'><strong>οὐδὲν</strong></span> <span class='ocrx_word' id='word_1_227' title='bbox 1341 5161 1376 5236; x_wconf 88' lang='grc' dir='ltr'><strong>θ’</strong></span> <span class='ocrx_word' id='word_1_228' title='bbox 1389 5166 1483 5261; x_wconf 88' lang='grc' dir='ltr'><strong>ύγιίς,</strong></span> 
     </span>
     <span class='ocr_line' id='line_1_37' title="bbox 745 5280 1485 5381; baseline -0.011 -24"><span class='ocrx_word' id='word_1_229' title='bbox 745 5288 849 5365; x_wconf 83' lang='grc' dir='ltr'><strong>Ξέναις</strong></span> <span class='ocrx_word' id='word_1_230' title='bbox 865 5280 912 5355; x_wconf 87' lang='grc' dir='ltr'><strong>ἐπ’</strong></span> <span class='ocrx_word' id='word_1_231' title='bbox 927 5289 1008 5374; x_wconf 67' lang='grc' dir='ltr'><strong>αίαρς</strong></span> <span class='ocrx_word' id='word_1_232' title='bbox 1027 5288 1249 5381; x_wconf 76' lang='grc' dir='ltr'><strong>ἐμπορεύονται</strong></span> <span class='ocrx_word' id='word_1_233' title='bbox 1264 5287 1348 5373; x_wconf 79' lang='grc' dir='ltr'><strong>βίον,</strong></span> <span class='ocrx_word' id='word_1_234' title='bbox 1416 5362 1425 5375; x_wconf 30' lang='lat' dir='ltr'>f</span> <span class='ocrx_word' id='word_1_235' title='bbox 1482 5362 1485 5369; x_wconf 70' lang='lat'>,</span> 
     </span>
    </p>
   </div>
   <div class='ocr_carea' id='block_1_3' title="bbox 0 0 2326 6758">
    <p class='ocr_par' dir='ltr' id='par_1_4' title="bbox 0 0 2326 6758">
     <span class='ocr_line' id='line_1_38' title="bbox 0 0 2326 6758; baseline 0 17"><span class='ocrx_word' id='word_1_236' title='bbox 0 0 2326 6758; x_wconf 95' lang='lat' dir='ltr'><strong> </strong></span> 
     </span>
    </p>
   </div>
  </div>
 </body>
</html>
