<?xml version="1.0" encoding="UTF-8"?>
<!DOCTYPE html PUBLIC "-//W3C//DTD XHTML 1.0 Transitional//EN"
    "http://www.w3.org/TR/xhtml1/DTD/xhtml1-transitional.dtd">
<html xmlns="http://www.w3.org/1999/xhtml" xml:lang="en" lang="en">
 <head>
  <title>
</title>
<meta http-equiv="Content-Type" content="text/html;charset=utf-8" />
  <meta name='ocr-system' content='tesseract 3.04.00' />
  <meta name='ocr-capabilities' content='ocr_page ocr_carea ocr_par ocr_line ocrx_word'/>
</head>
<body>
  <div class='ocr_page' id='page_1' title='image "./leonisallatiihe00allagoog_0031.png"; bbox 0 0 4644 6758; ppageno 0'>
   <div class='ocr_carea' id='block_1_1' title="bbox 539 1059 1361 1128">
    <p class='ocr_par' dir='ltr' id='par_1_1' title="bbox 539 1059 1361 1128">
     <span class='ocr_line' id='line_1_1' title="bbox 539 1059 1361 1128; baseline -0.005 -2"><span class='ocrx_word' id='word_1_1' title='bbox 539 1059 584 1128; x_wconf 80' lang='lat' dir='ltr'><strong>i8</strong></span> <span class='ocrx_word' id='word_1_2' title='bbox 959 1064 1138 1125; x_wconf 82' lang='grc' dir='ltr'><strong>ΛΕΟΝΤΟΣ</strong></span> <span class='ocrx_word' id='word_1_3' title='bbox 1162 1065 1361 1124; x_wconf 70' lang='lat' dir='ltr'><strong>antaplon</strong></span> 
     </span>
    </p>
   </div>
   <div class='ocr_carea' id='block_1_2' title="bbox 534 1259 1785 2868">
    <p class='ocr_par' dir='ltr' id='par_1_2' title="bbox 534 1259 1785 2868">
     <span class='ocr_line' id='line_1_2' title="bbox 588 1259 1780 1366; baseline -0.002 -27"><span class='ocrx_word' id='word_1_4' title='bbox 588 1264 763 1341; x_wconf 81' lang='grc' dir='ltr'><strong>Φολλιίθιον</strong></span> <span class='ocrx_word' id='word_1_5' title='bbox 796 1262 1031 1353; x_wconf 80' lang='grc' dir='ltr'><strong>πεντασέλιθον,</strong></span> <span class='ocrx_word' id='word_1_6' title='bbox 1063 1269 1205 1363; x_wconf 75' lang='grc' dir='ltr'>περιέχον</span> <span class='ocrx_word' id='word_1_7' title='bbox 1223 1262 1279 1338; x_wconf 72' lang='lat' dir='ltr'><strong>ito</strong></span> <span class='ocrx_word' id='word_1_8' title='bbox 1304 1269 1487 1366; x_wconf 79' lang='grc' dir='ltr'><strong>ἐπιγραφὰς,</strong></span> <span class='ocrx_word' id='word_1_9' title='bbox 1507 1269 1545 1336; x_wconf 82' lang='grc' dir='ltr'><strong>τό</strong></span> <span class='ocrx_word' id='word_1_10' title='bbox 1565 1259 1613 1348; x_wconf 73' lang='grc' dir='ltr'><strong>κζ’</strong></span> <span class='ocrx_word' id='word_1_11' title='bbox 1636 1270 1707 1348; x_wconf 81' lang='grc' dir='ltr'><strong>ἔτος</strong></span> <span class='ocrx_word' id='word_1_12' title='bbox 1722 1282 1780 1350; x_wconf 76' lang='grc' dir='ltr'><strong>τῆς</strong></span> 
     </span>
     <span class='ocr_line' id='line_1_3' title="bbox 536 1385 1779 1482; baseline -0.006 -22"><span class='ocrx_word' id='word_1_13' title='bbox 536 1392 695 1478; x_wconf 82' lang='grc' dir='ltr'><strong>βασιλείας</strong></span> <span class='ocrx_word' id='word_1_14' title='bbox 726 1389 925 1478; x_wconf 77' lang='grc' dir='ltr'><strong>Πτολεμαίου</strong></span> <span class='ocrx_word' id='word_1_15' title='bbox 953 1397 1010 1453; x_wconf 80' lang='grc' dir='ltr'><strong>τοῦ</strong></span> <span class='ocrx_word' id='word_1_16' title='bbox 1029 1386 1201 1481; x_wconf 74' lang='grc' dir='ltr'>Εὐεργέτου</span> <span class='ocrx_word' id='word_1_17' title='bbox 1221 1387 1271 1452; x_wconf 81' lang='grc' dir='ltr'><strong>ἐπὶ</strong></span> <span class='ocrx_word' id='word_1_18' title='bbox 1296 1387 1456 1478; x_wconf 73' lang='grc' dir='ltr'>μαρμάρου</span> <span class='ocrx_word' id='word_1_19' title='bbox 1475 1385 1646 1463; x_wconf 79' lang='grc' dir='ltr'><strong>έλληνικοῑς</strong></span> <span class='ocrx_word' id='word_1_20' title='bbox 1676 1387 1779 1482; x_wconf 84' lang='grc' dir='ltr'><strong>γράμ-</strong></span> 
     </span>
     <span class='ocr_line' id='line_1_4' title="bbox 535 1490 1779 1596; baseline -0.003 -24"><span class='ocrx_word' id='word_1_21' title='bbox 535 1533 610 1596; x_wconf 82' lang='grc' dir='ltr'><strong>μασι</strong></span> <span class='ocrx_word' id='word_1_22' title='bbox 628 1502 851 1596; x_wconf 85' lang='grc' dir='ltr'><strong>χαραχθείσας,</strong></span> <span class='ocrx_word' id='word_1_23' title='bbox 869 1503 899 1568; x_wconf 84' lang='grc' dir='ltr'><strong>ἐν</strong></span> <span class='ocrx_word' id='word_1_24' title='bbox 919 1511 960 1588; x_wconf 74' lang='grc' dir='ltr'><strong>τῇ</strong></span> <span class='ocrx_word' id='word_1_25' title='bbox 975 1502 1118 1592; x_wconf 81' lang='grc' dir='ltr'>παραλίῳ</span> <span class='ocrx_word' id='word_1_26' title='bbox 1133 1503 1223 1567; x_wconf 87' lang='grc' dir='ltr'><strong>πόλει</strong></span> <span class='ocrx_word' id='word_1_27' title='bbox 1252 1513 1309 1577; x_wconf 73' lang='grc' dir='ltr'><strong>τῆς</strong></span> <span class='ocrx_word' id='word_1_28' title='bbox 1334 1499 1509 1577; x_wconf 83' lang='grc' dir='ltr'><strong>Αίθιοπείας</strong></span> <span class='ocrx_word' id='word_1_29' title='bbox 1526 1490 1672 1585; x_wconf 82' lang='grc' dir='ltr'><strong>Ἀθοίιλη,</strong></span> <span class='ocrx_word' id='word_1_30' title='bbox 1692 1494 1724 1578; x_wconf 69' lang='grc' dir='ltr'><strong>ἐξ</strong></span> <span class='ocrx_word' id='word_1_31' title='bbox 1744 1498 1779 1579; x_wconf 77' lang='grc' dir='ltr'><strong>ἦς</strong></span> 
     </span>
     <span class='ocr_line' id='line_1_5' title="bbox 535 1607 1781 1711; baseline -0.004 -24"><span class='ocrx_word' id='word_1_32' title='bbox 535 1625 588 1688; x_wconf 86' lang='grc' dir='ltr'><strong>καὶ</strong></span> <span class='ocrx_word' id='word_1_33' title='bbox 607 1623 664 1694; x_wconf 81' lang='grc' dir='ltr'><strong>τὴν</strong></span> <span class='ocrx_word' id='word_1_34' title='bbox 692 1619 865 1709; x_wconf 78' lang='grc' dir='ltr'><strong>ἐπωνυμίαν</strong></span> <span class='ocrx_word' id='word_1_35' title='bbox 892 1617 985 1709; x_wconf 81' lang='grc' dir='ltr'><strong>έσχον</strong></span> <span class='ocrx_word' id='word_1_36' title='bbox 1005 1609 1237 1700; x_wconf 79' lang='grc' dir='ltr'><strong>(Ἀθουλιτανὺν</strong></span> <span class='ocrx_word' id='word_1_37' title='bbox 1263 1607 1483 1690; x_wconf 73' lang='grc' dir='ltr'><strong>λἈθοιίλαιον</strong></span> <span class='ocrx_word' id='word_1_38' title='bbox 1502 1618 1668 1711; x_wconf 80' lang='grc' dir='ltr'><strong>λεγόμεναι</strong></span> <span class='ocrx_word' id='word_1_39' title='bbox 1701 1644 1781 1710; x_wconf 87' lang='grc' dir='ltr'><strong>μνη·</strong></span> 
     </span>
     <span class='ocr_line' id='line_1_6' title="bbox 536 1724 1782 1830; baseline -0.005 -26"><span class='ocrx_word' id='word_1_40' title='bbox 536 1733 635 1830; x_wconf 82' lang='grc' dir='ltr'><strong>μεῖον)</strong></span> <span class='ocrx_word' id='word_1_41' title='bbox 667 1735 851 1828; x_wconf 80' lang='grc' dir='ltr'><strong>εὑρεθείσας,</strong></span> <span class='ocrx_word' id='word_1_42' title='bbox 881 1736 934 1798; x_wconf 83' lang='grc' dir='ltr'><strong>καὶ</strong></span> <span class='ocrx_word' id='word_1_43' title='bbox 966 1735 996 1799; x_wconf 81' lang='grc' dir='ltr'><strong>ἐν</strong></span> <span class='ocrx_word' id='word_1_44' title='bbox 1030 1736 1164 1824; x_wconf 76' lang='grc' dir='ltr'>ἐπιτομῇ</span> <span class='ocrx_word' id='word_1_45' title='bbox 1192 1732 1247 1799; x_wconf 80' lang='grc' dir='ltr'><strong>τόν</strong></span> <span class='ocrx_word' id='word_1_46' title='bbox 1274 1734 1339 1817; x_wconf 87' lang='grc' dir='ltr'><strong>βίον</strong></span> <span class='ocrx_word' id='word_1_47' title='bbox 1369 1733 1466 1798; x_wconf 80' lang='grc' dir='ltr'><strong>αὐτοῦ</strong></span> <span class='ocrx_word' id='word_1_48' title='bbox 1485 1724 1710 1824; x_wconf 75' lang='grc' dir='ltr'><strong>ἐξιοτοροιίσας.</strong></span> <span class='ocrx_word' id='word_1_49' title='bbox 1745 1724 1782 1798; x_wconf 79' lang='lat'><strong>‘0</strong></span> 
     </span>
     <span class='ocr_line' id='line_1_7' title="bbox 534 1843 1783 1945; baseline -0.004 -26"><span class='ocrx_word' id='word_1_50' title='bbox 534 1864 649 1945; x_wconf 80' lang='grc' dir='ltr'>χρυσοῦ</span> <span class='ocrx_word' id='word_1_51' title='bbox 675 1852 858 1943; x_wconf 86' lang='grc' dir='ltr'><strong>χρυσότερος</strong></span> <span class='ocrx_word' id='word_1_52' title='bbox 889 1843 1055 1926; x_wconf 82' lang='grc' dir='ltr'><strong>Ἀλλοίτιος</strong></span> <span class='ocrx_word' id='word_1_53' title='bbox 1087 1846 1280 1944; x_wconf 71' lang='grc' dir='ltr'><strong>ἀντιγράψας</strong></span> <span class='ocrx_word' id='word_1_54' title='bbox 1308 1849 1405 1925; x_wconf 80' lang='grc' dir='ltr'><strong>αὑτὰς</strong></span> <span class='ocrx_word' id='word_1_55' title='bbox 1434 1851 1469 1916; x_wconf 82' lang='grc' dir='ltr'><strong>ἐκ</strong></span> <span class='ocrx_word' id='word_1_56' title='bbox 1488 1859 1551 1914; x_wconf 89' lang='grc' dir='ltr'><strong>τῶν</strong></span> <span class='ocrx_word' id='word_1_57' title='bbox 1569 1852 1783 1945; x_wconf 73' lang='grc' dir='ltr'><strong>χειρογράφων</strong></span> 
     </span>
     <span class='ocr_line' id='line_1_8' title="bbox 537 1951 1781 2056; baseline -0.001 -25"><span class='ocrx_word' id='word_1_58' title='bbox 537 1960 652 2050; x_wconf 68' lang='grc' dir='ltr'><strong>βίβλων</strong></span> <span class='ocrx_word' id='word_1_59' title='bbox 682 1977 795 2056; x_wconf 64' lang='lat' dir='ltr'><strong>Knopia</strong></span> <span class='ocrx_word' id='word_1_60' title='bbox 814 1974 872 2031; x_wconf 81' lang='grc' dir='ltr'><strong>τοῦ</strong></span> <span class='ocrx_word' id='word_1_61' title='bbox 890 1954 1161 2031; x_wconf 80' lang='grc' dir='ltr'><strong>Ἰνθικοπλεὺστου</strong></span> <span class='ocrx_word' id='word_1_62' title='bbox 1180 1965 1321 2031; x_wconf 84' lang='grc' dir='ltr'><strong>ἐτύπωσε</strong></span> <span class='ocrx_word' id='word_1_63' title='bbox 1345 1963 1383 2030; x_wconf 83' lang='grc' dir='ltr'><strong>τὸ</strong></span> <span class='ocrx_word' id='word_1_64' title='bbox 1403 1974 1526 2055; x_wconf 85' lang='grc' dir='ltr'><strong>πρῶτον</strong></span> <span class='ocrx_word' id='word_1_65' title='bbox 1544 1965 1576 2029; x_wconf 87' lang='grc' dir='ltr'><strong>ἐν</strong></span> <span class='ocrx_word' id='word_1_66' title='bbox 1593 1951 1709 2055; x_wconf 55' lang='lat' dir='ltr'><strong>napa,</strong></span> <span class='ocrx_word' id='word_1_67' title='bbox 1728 1968 1781 2031; x_wconf 85' lang='grc' dir='ltr'><strong>καὶ</strong></span> 
     </span>
     <span class='ocr_line' id='line_1_9' title="bbox 535 2068 1782 2176; baseline -0.002 -26"><span class='ocrx_word' id='word_1_68' title='bbox 535 2082 752 2176; x_wconf 85' lang='grc' dir='ltr'><strong>προσερώνησε</strong></span> <span class='ocrx_word' id='word_1_69' title='bbox 771 2091 817 2163; x_wconf 84' lang='grc' dir='ltr'><strong>τῷ</strong></span> <span class='ocrx_word' id='word_1_70' title='bbox 836 2072 1033 2172; x_wconf 82' lang='grc' dir='ltr'><strong>Καρθιναλίῳ</strong></span> <span class='ocrx_word' id='word_1_71' title='bbox 1054 2082 1240 2175; x_wconf 86' lang='grc' dir='ltr'><strong>Φραγγίσκῳ</strong></span> <span class='ocrx_word' id='word_1_72' title='bbox 1266 2092 1312 2163; x_wconf 85' lang='grc' dir='ltr'><strong>τῷ</strong></span> <span class='ocrx_word' id='word_1_73' title='bbox 1330 2074 1504 2173; x_wconf 70' lang='grc' dir='ltr'><strong>Βαρόερίνῃ.</strong></span> <span class='ocrx_word' id='word_1_74' title='bbox 1536 2068 1576 2148; x_wconf 80' lang='lat' dir='ltr'><strong>‘fl</strong></span> <span class='ocrx_word' id='word_1_75' title='bbox 1595 2079 1703 2173; x_wconf 80' lang='grc' dir='ltr'>πρώτη</span> <span class='ocrx_word' id='word_1_76' title='bbox 1719 2093 1782 2148; x_wconf 86' lang='grc' dir='ltr'><strong>τῶν</strong></span> 
     </span>
     <span class='ocr_line' id='line_1_10' title="bbox 536 2196 1781 2292; baseline -0.002 -28"><span class='ocrx_word' id='word_1_77' title='bbox 536 2200 725 2292; x_wconf 74' lang='grc' dir='ltr'><strong>ἐπιγραφῶν,</strong></span> <span class='ocrx_word' id='word_1_78' title='bbox 753 2198 772 2271; x_wconf 79' lang='grc' dir='ltr'>ἡ</span> <span class='ocrx_word' id='word_1_79' title='bbox 789 2203 841 2261; x_wconf 86' lang='grc' dir='ltr'><strong>ΕΝ</strong></span> <span class='ocrx_word' id='word_1_80' title='bbox 861 2206 915 2279; x_wconf 82' lang='grc' dir='ltr'><strong>Τῌ</strong></span> <span class='ocrx_word' id='word_1_81' title='bbox 935 2204 1073 2262; x_wconf 82' lang='lat' dir='ltr'><strong>ElKONt</strong></span> <span class='ocrx_word' id='word_1_82' title='bbox 1093 2204 1352 2262; x_wconf 81' lang='grc' dir='ltr'><strong>ΠΤΟΛΕΜΑΙΟΥ</strong></span> <span class='ocrx_word' id='word_1_83' title='bbox 1371 2204 1447 2261; x_wconf 85' lang='grc' dir='ltr'><strong>ΤΟΥ</strong></span> <span class='ocrx_word' id='word_1_84' title='bbox 1467 2203 1669 2275; x_wconf 84' lang='grc' dir='ltr'><strong>ΒΑΣΙΛΕΩΣ,</strong></span> <span class='ocrx_word' id='word_1_85' title='bbox 1685 2196 1781 2288; x_wconf 70' lang='grc' dir='ltr'><strong>ἄρχε·</strong></span> 
     </span>
     <span class='ocr_line' id='line_1_11' title="bbox 536 2311 1783 2406; baseline -0.001 -26"><span class='ocrx_word' id='word_1_86' title='bbox 536 2341 591 2380; x_wconf 91' lang='grc' dir='ltr'><strong>ται</strong></span> <span class='ocrx_word' id='word_1_87' title='bbox 620 2316 719 2389; x_wconf 84' lang='grc' dir='ltr'><strong>οὑτως</strong></span> <span class='ocrx_word' id='word_1_88' title='bbox 754 2314 930 2389; x_wconf 80' lang='grc' dir='ltr'><strong>«Βασιλεὺς</strong></span> <span class='ocrx_word' id='word_1_89' title='bbox 956 2313 1055 2406; x_wconf 90' lang='grc' dir='ltr'><strong>μέγας</strong></span> <span class='ocrx_word' id='word_1_90' title='bbox 1076 2317 1285 2404; x_wconf 79' lang='grc' dir='ltr'><strong>Πτολεμαῖος,</strong></span> <span class='ocrx_word' id='word_1_91' title='bbox 1317 2311 1379 2389; x_wconf 82' lang='grc' dir='ltr'><strong>υἱὸς</strong></span> <span class='ocrx_word' id='word_1_92' title='bbox 1412 2313 1562 2397; x_wconf 89' lang='grc' dir='ltr'><strong>βασιλέως</strong></span> <span class='ocrx_word' id='word_1_93' title='bbox 1582 2315 1783 2403; x_wconf 84' lang='grc' dir='ltr'><strong>Πτολεμαίου</strong></span> 
     </span>
     <span class='ocr_line' id='line_1_12' title="bbox 538 2417 1782 2520; baseline 0.001 -28"><span class='ocrx_word' id='word_1_94' title='bbox 538 2430 591 2494; x_wconf 85' lang='grc' dir='ltr'><strong>καὶ</strong></span> <span class='ocrx_word' id='word_1_95' title='bbox 622 2429 802 2514; x_wconf 80' lang='grc' dir='ltr'><strong>βασιλίσσης</strong></span> <span class='ocrx_word' id='word_1_96' title='bbox 823 2420 990 2518; x_wconf 77' lang='grc' dir='ltr'><strong>Ἀρσινόης,</strong></span> <span class='ocrx_word' id='word_1_97' title='bbox 1013 2437 1097 2492; x_wconf 82' lang='grc' dir='ltr'><strong>Θεῶν</strong></span> <span class='ocrx_word' id='word_1_98' title='bbox 1124 2417 1280 2518; x_wconf 75' lang='grc' dir='ltr'><strong>ἀδελφῶν,</strong></span> <span class='ocrx_word' id='word_1_99' title='bbox 1300 2438 1363 2493; x_wconf 91' lang='grc' dir='ltr'><strong>τῶν</strong></span> <span class='ocrx_word' id='word_1_100' title='bbox 1390 2425 1543 2512; x_wconf 88' lang='grc' dir='ltr'><strong>βασιλέων</strong></span> <span class='ocrx_word' id='word_1_101' title='bbox 1563 2420 1614 2508; x_wconf 78' lang='lat' dir='ltr'><strong>(ia.</strong></span> <span class='ocrx_word' id='word_1_102' title='bbox 1634 2452 1681 2520; x_wconf 90' lang='grc' dir='ltr'><strong>γρ.</strong></span> <span class='ocrx_word' id='word_1_103' title='bbox 1715 2431 1782 2511; x_wconf 89' lang='grc' dir='ltr'><strong>βα·</strong></span> 
     </span>
     <span class='ocr_line' id='line_1_13' title="bbox 536 2538 1781 2633; baseline 0 -27"><span class='ocrx_word' id='word_1_104' title='bbox 536 2538 692 2625; x_wconf 87' lang='grc' dir='ltr'><strong>σιλέως)</strong></span> <span class='ocrx_word' id='word_1_105' title='bbox 721 2544 920 2633; x_wconf 85' lang='grc' dir='ltr'><strong>Πτολεμαίου</strong></span> <span class='ocrx_word' id='word_1_106' title='bbox 940 2543 991 2607; x_wconf 87' lang='grc' dir='ltr'><strong>καί</strong></span> <span class='ocrx_word' id='word_1_107' title='bbox 1012 2543 1191 2625; x_wconf 78' lang='grc' dir='ltr'><strong>βασιλίσσης</strong></span> <span class='ocrx_word' id='word_1_108' title='bbox 1212 2544 1382 2633; x_wconf 80' lang='grc' dir='ltr'><strong>Βερενίκης,</strong></span> <span class='ocrx_word' id='word_1_109' title='bbox 1403 2550 1489 2607; x_wconf 79' lang='grc' dir='ltr'><strong>Θεῶν</strong></span> <span class='ocrx_word' id='word_1_110' title='bbox 1510 2541 1669 2631; x_wconf 77' lang='grc' dir='ltr'><strong>Σωτήρων,</strong></span> <span class='ocrx_word' id='word_1_111' title='bbox 1699 2542 1781 2606; x_wconf 84' lang='grc' dir='ltr'><strong>ἀπό·</strong></span> 
     </span>
     <span class='ocr_line' id='line_1_14' title="bbox 536 2646 1783 2752; baseline -0.001 -29"><span class='ocrx_word' id='word_1_112' title='bbox 536 2682 627 2752; x_wconf 83' lang='grc' dir='ltr'><strong>γονος</strong></span> <span class='ocrx_word' id='word_1_113' title='bbox 646 2659 688 2724; x_wconf 82' lang='grc' dir='ltr'><strong>τὰ</strong></span> <span class='ocrx_word' id='word_1_114' title='bbox 717 2661 773 2750; x_wconf 89' lang='grc' dir='ltr'><strong>μὲν</strong></span> <span class='ocrx_word' id='word_1_115' title='bbox 801 2659 863 2725; x_wconf 83' lang='grc' dir='ltr'><strong>ἀπὸ</strong></span> <span class='ocrx_word' id='word_1_116' title='bbox 882 2658 1000 2750; x_wconf 83' lang='grc' dir='ltr'><strong>πατρὸς</strong></span> <span class='ocrx_word' id='word_1_117' title='bbox 1026 2646 1215 2748; x_wconf 73' lang='grc' dir='ltr'><strong>Ἡρακλέους</strong></span> <span class='ocrx_word' id='word_1_118' title='bbox 1237 2669 1294 2724; x_wconf 80' lang='grc' dir='ltr'><strong>τοῦ</strong></span> <span class='ocrx_word' id='word_1_119' title='bbox 1327 2657 1408 2738; x_wconf 91' lang='grc' dir='ltr'><strong>Διός,</strong></span> <span class='ocrx_word' id='word_1_120' title='bbox 1427 2655 1469 2723; x_wconf 82' lang='grc' dir='ltr'><strong>τὰ</strong></span> <span class='ocrx_word' id='word_1_121' title='bbox 1501 2646 1536 2721; x_wconf 78' lang='grc' dir='ltr'><strong>ὑὲ</strong></span> <span class='ocrx_word' id='word_1_122' title='bbox 1569 2657 1631 2721; x_wconf 83' lang='grc' dir='ltr'><strong>ἀπὸ</strong></span> <span class='ocrx_word' id='word_1_123' title='bbox 1668 2658 1783 2748; x_wconf 80' lang='grc' dir='ltr'><strong>μητρὸς</strong></span> 
     </span>
     <span class='ocr_line' id='line_1_15' title="bbox 537 2767 1785 2868; baseline 0 -30"><span class='ocrx_word' id='word_1_124' title='bbox 537 2776 680 2840; x_wconf 80' lang='grc' dir='ltr'><strong>Διονύσου</strong></span> <span class='ocrx_word' id='word_1_125' title='bbox 704 2787 762 2841; x_wconf 76' lang='grc' dir='ltr'><strong>τοῦ</strong></span> <span class='ocrx_word' id='word_1_126' title='bbox 783 2775 863 2856; x_wconf 87' lang='grc' dir='ltr'><strong>Διός,</strong></span> <span class='ocrx_word' id='word_1_127' title='bbox 887 2767 1079 2867; x_wconf 67' lang='grc' dir='ltr'><strong>παραλαβὼν</strong></span> <span class='ocrx_word' id='word_1_128' title='bbox 1101 2775 1186 2868; x_wconf 83' lang='grc' dir='ltr'><strong>παρὰ</strong></span> <span class='ocrx_word' id='word_1_129' title='bbox 1204 2786 1262 2841; x_wconf 83' lang='grc' dir='ltr'><strong>τοῦ</strong></span> <span class='ocrx_word' id='word_1_130' title='bbox 1287 2775 1405 2865; x_wconf 81' lang='grc' dir='ltr'><strong>πατρὸς</strong></span> <span class='ocrx_word' id='word_1_131' title='bbox 1424 2773 1482 2845; x_wconf 76' lang='grc' dir='ltr'><strong>τὴν</strong></span> <span class='ocrx_word' id='word_1_132' title='bbox 1504 2775 1664 2859; x_wconf 88' lang='grc' dir='ltr'><strong>βασιλείαν</strong></span> <span class='ocrx_word' id='word_1_133' title='bbox 1686 2774 1785 2868; x_wconf 76' lang='grc' dir='ltr'><strong>Αίγύ-</strong></span> 
     </span>
    </p>
   </div>
   <div class='ocr_carea' id='block_1_3' title="bbox 408 2880 1786 2985">
    <p class='ocr_par' dir='ltr' id='par_1_3' title="bbox 408 2880 1786 2985">
     <span class='ocr_line' id='line_1_16' title="bbox 408 2880 1786 2985; baseline -0.002 -27"><span class='ocrx_word' id='word_1_134' title='bbox 408 2911 411 2915; x_wconf 78' lang='grc'>’</span> <span class='ocrx_word' id='word_1_135' title='bbox 535 2916 617 2958; x_wconf 91' lang='grc' dir='ltr'><strong>πτου</strong></span> <span class='ocrx_word' id='word_1_136' title='bbox 634 2894 688 2959; x_wconf 82' lang='grc' dir='ltr'><strong>καὶ</strong></span> <span class='ocrx_word' id='word_1_137' title='bbox 703 2885 835 2969; x_wconf 70' lang='grc' dir='ltr'><strong>Λιβύης»</strong></span> <span class='ocrx_word' id='word_1_138' title='bbox 858 2897 928 2958; x_wconf 88' lang='grc' dir='ltr'><strong>κτλ.</strong></span> <span class='ocrx_word' id='word_1_139' title='bbox 942 2880 983 2957; x_wconf 80' lang='lat' dir='ltr'><strong>‘H</strong></span> <span class='ocrx_word' id='word_1_140' title='bbox 997 2883 1033 2958; x_wconf 77' lang='grc' dir='ltr'><strong>ὑὲ</strong></span> <span class='ocrx_word' id='word_1_141' title='bbox 1047 2883 1189 2985; x_wconf 82' lang='grc' dir='ltr'><strong>θευτέρα,</strong></span> <span class='ocrx_word' id='word_1_142' title='bbox 1205 2894 1225 2968; x_wconf 75' lang='grc' dir='ltr'>ἡ</span> <span class='ocrx_word' id='word_1_143' title='bbox 1244 2900 1295 2958; x_wconf 87' lang='lat' dir='ltr'><strong>EN</strong></span> <span class='ocrx_word' id='word_1_144' title='bbox 1309 2902 1361 2973; x_wconf 83' lang='grc' dir='ltr'><strong>Τῼ</strong></span> <span class='ocrx_word' id='word_1_145' title='bbox 1381 2886 1644 2970; x_wconf 75' lang='grc' dir='ltr'><strong>ΠΤΟΛΕΜΑΪΚῼ</strong></span> <span class='ocrx_word' id='word_1_146' title='bbox 1658 2901 1786 2972; x_wconf 85' lang='grc' dir='ltr'><strong>ΔΙΦΡῼ,</strong></span> 
     </span>
    </p>
   </div>
   <div class='ocr_carea' id='block_1_4' title="bbox 536 2998 1791 5055">
    <p class='ocr_par' dir='ltr' id='par_1_4' title="bbox 536 2998 1791 5055">
     <span class='ocr_line' id='line_1_17' title="bbox 536 2998 1787 3102; baseline 0.002 -32"><span class='ocrx_word' id='word_1_147' title='bbox 536 3005 648 3088; x_wconf 85' lang='grc' dir='ltr'><strong>οὑτως,</strong></span> <span class='ocrx_word' id='word_1_148' title='bbox 673 3027 687 3063; x_wconf 76' lang='lat' dir='ltr'><strong>&lt;t</strong></span> <span class='ocrx_word' id='word_1_149' title='bbox 701 3000 811 3073; x_wconf 79' lang='grc' dir='ltr'><strong>Μεθόί</strong></span> <span class='ocrx_word' id='word_1_150' title='bbox 830 2998 974 3098; x_wconf 74' lang='grc' dir='ltr'><strong>ἀνδρείως</strong></span> <span class='ocrx_word' id='word_1_151' title='bbox 994 3008 1036 3073; x_wconf 82' lang='grc' dir='ltr'><strong>τὰ</strong></span> <span class='ocrx_word' id='word_1_152' title='bbox 1055 3008 1110 3099; x_wconf 86' lang='grc' dir='ltr'><strong>μὲν</strong></span> <span class='ocrx_word' id='word_1_153' title='bbox 1130 3007 1265 3102; x_wconf 76' lang='grc' dir='ltr'><strong>ἔγγιστα</strong></span> <span class='ocrx_word' id='word_1_154' title='bbox 1283 3018 1341 3074; x_wconf 81' lang='grc' dir='ltr'><strong>τοῦ</strong></span> <span class='ocrx_word' id='word_1_155' title='bbox 1364 3008 1522 3092; x_wconf 84' lang='grc' dir='ltr'><strong>βασιλείου</strong></span> <span class='ocrx_word' id='word_1_156' title='bbox 1544 3005 1616 3078; x_wconf 80' lang='grc' dir='ltr'><strong>έθνη</strong></span> <span class='ocrx_word' id='word_1_157' title='bbox 1635 3005 1787 3096; x_wconf 77' lang='grc' dir='ltr'><strong>εἰρηνεύε-</strong></span> 
     </span>
     <span class='ocr_line' id='line_1_18' title="bbox 538 3114 1787 3216; baseline 0.001 -31"><span class='ocrx_word' id='word_1_158' title='bbox 538 3120 609 3186; x_wconf 88' lang='grc' dir='ltr'><strong>σθαι</strong></span> <span class='ocrx_word' id='word_1_159' title='bbox 628 3121 789 3202; x_wconf 85' lang='grc' dir='ltr'><strong>κελεὺσας,</strong></span> <span class='ocrx_word' id='word_1_160' title='bbox 810 3121 991 3212; x_wconf 80' lang='grc' dir='ltr'><strong>ἐπολέμησα</strong></span> <span class='ocrx_word' id='word_1_161' title='bbox 1006 3124 1059 3186; x_wconf 89' lang='grc' dir='ltr'><strong>καὶ</strong></span> <span class='ocrx_word' id='word_1_162' title='bbox 1076 3114 1218 3198; x_wconf 79' lang='grc' dir='ltr'><strong>ὑπέταξα</strong></span> <span class='ocrx_word' id='word_1_163' title='bbox 1234 3124 1352 3214; x_wconf 86' lang='grc' dir='ltr'><strong>μάχαις</strong></span> <span class='ocrx_word' id='word_1_164' title='bbox 1367 3122 1409 3188; x_wconf 87' lang='grc' dir='ltr'><strong>τὰ</strong></span> <span class='ocrx_word' id='word_1_165' title='bbox 1423 3119 1690 3216; x_wconf 84' lang='grc' dir='ltr'><strong>ὑπογεγραμμένα</strong></span> <span class='ocrx_word' id='word_1_166' title='bbox 1706 3121 1787 3193; x_wconf 83' lang='grc' dir='ltr'><strong>έθνη.</strong></span> 
     </span>
     <span class='ocr_line' id='line_1_19' title="bbox 540 3216 1787 3331; baseline -0.001 -33"><span class='ocrx_word' id='word_1_167' title='bbox 540 3227 625 3312; x_wconf 76' lang='grc' dir='ltr'><strong>Γάζη</strong></span> <span class='ocrx_word' id='word_1_168' title='bbox 653 3236 738 3312; x_wconf 84' lang='grc' dir='ltr'><strong>έθνος</strong></span> <span class='ocrx_word' id='word_1_169' title='bbox 758 3235 950 3327; x_wconf 82' lang='grc' dir='ltr'><strong>ἐπολέμησα,</strong></span> <span class='ocrx_word' id='word_1_170' title='bbox 973 3237 1083 3302; x_wconf 75' lang='grc' dir='ltr'><strong>ἔπειτα</strong></span> <span class='ocrx_word' id='word_1_171' title='bbox 1101 3216 1248 3331; x_wconf 70' lang='grc' dir='ltr'><strong>Ἀγαμην</strong></span> <span class='ocrx_word' id='word_1_172' title='bbox 1267 3240 1320 3302; x_wconf 89' lang='grc' dir='ltr'><strong>καὶ</strong></span> <span class='ocrx_word' id='word_1_173' title='bbox 1338 3237 1487 3331; x_wconf 82' lang='grc' dir='ltr'><strong>Συγριηνὲ</strong></span> <span class='ocrx_word' id='word_1_174' title='bbox 1518 3236 1656 3317; x_wconf 78' lang='grc' dir='ltr'><strong>νικήσας,</strong></span> <span class='ocrx_word' id='word_1_175' title='bbox 1674 3235 1732 3306; x_wconf 80' lang='grc' dir='ltr'><strong>τὴν</strong></span> <span class='ocrx_word' id='word_1_176' title='bbox 1748 3235 1787 3310; x_wconf 83' lang='grc' dir='ltr'><strong>ἡ·</strong></span> 
     </span>
     <span class='ocr_line' id='line_1_20' title="bbox 541 3342 1789 3445; baseline 0.002 -33"><span class='ocrx_word' id='word_1_177' title='bbox 541 3350 661 3439; x_wconf 87' lang='grc' dir='ltr'><strong>μίσιιαν</strong></span> <span class='ocrx_word' id='word_1_178' title='bbox 680 3351 806 3415; x_wconf 87' lang='grc' dir='ltr'><strong>πάντων</strong></span> <span class='ocrx_word' id='word_1_179' title='bbox 824 3360 886 3416; x_wconf 84' lang='grc' dir='ltr'><strong>τῶν</strong></span> <span class='ocrx_word' id='word_1_180' title='bbox 905 3344 977 3441; x_wconf 86' lang='grc' dir='ltr'><strong>παρ’</strong></span> <span class='ocrx_word' id='word_1_181' title='bbox 985 3351 1090 3426; x_wconf 77' lang='grc' dir='ltr'><strong>αὑτοῖς</strong></span> <span class='ocrx_word' id='word_1_182' title='bbox 1108 3352 1292 3441; x_wconf 84' lang='grc' dir='ltr'><strong>ἐμερισιίμην</strong></span> <span class='ocrx_word' id='word_1_183' title='bbox 1308 3401 1354 3432; x_wconf 92' lang='grc'><strong>..,</strong></span> <span class='ocrx_word' id='word_1_184' title='bbox 1374 3353 1427 3416; x_wconf 87' lang='grc' dir='ltr'><strong>καὶ</strong></span> <span class='ocrx_word' id='word_1_185' title='bbox 1447 3343 1629 3444; x_wconf 71' lang='grc' dir='ltr'><strong>Ζινγαόηνέ,</strong></span> <span class='ocrx_word' id='word_1_186' title='bbox 1648 3351 1701 3416; x_wconf 87' lang='grc' dir='ltr'><strong>καὶ</strong></span> <span class='ocrx_word' id='word_1_187' title='bbox 1716 3342 1789 3445; x_wconf 80' lang='grc' dir='ltr'><strong>Ἀγ-</strong></span> 
     </span>
     <span class='ocr_line' id='line_1_21' title="bbox 539 3453 1787 3558; baseline 0.002 -32"><span class='ocrx_word' id='word_1_188' title='bbox 539 3453 632 3554; x_wconf 72' lang='grc' dir='ltr'><strong>γοίίίε,</strong></span> <span class='ocrx_word' id='word_1_189' title='bbox 663 3465 715 3526; x_wconf 86' lang='grc' dir='ltr'><strong>καί</strong></span> <span class='ocrx_word' id='word_1_190' title='bbox 734 3464 873 3552; x_wconf 87' lang='grc' dir='ltr'><strong>Τιάμαα,</strong></span> <span class='ocrx_word' id='word_1_191' title='bbox 896 3465 949 3526; x_wconf 83' lang='grc' dir='ltr'><strong>καί</strong></span> <span class='ocrx_word' id='word_1_192' title='bbox 968 3457 1142 3558; x_wconf 84' lang='grc' dir='ltr'><strong>Ἀθαγάους</strong></span> <span class='ocrx_word' id='word_1_193' title='bbox 1166 3485 1180 3521; x_wconf 87' lang='grc'>»</span> <span class='ocrx_word' id='word_1_194' title='bbox 1205 3470 1275 3529; x_wconf 86' lang='grc' dir='ltr'><strong>κτλ.</strong></span> <span class='ocrx_word' id='word_1_195' title='bbox 1300 3458 1366 3545; x_wconf 69' lang='lat' dir='ltr'><strong>(nt.</strong></span> <span class='ocrx_word' id='word_1_196' title='bbox 1398 3453 1787 3555; x_wconf 81' lang='grc' dir='ltr'><strong>Κοσμᾶ’1νθικοπλ.Χρι-</strong></span> 
     </span>
     <span class='ocr_line' id='line_1_22' title="bbox 540 3569 1788 3669; baseline -0.001 -28"><span class='ocrx_word' id='word_1_197' title='bbox 540 3601 640 3643; x_wconf 78' lang='grc' dir='ltr'><strong>οτιαν.</strong></span> <span class='ocrx_word' id='word_1_198' title='bbox 659 3600 788 3669; x_wconf 86' lang='grc' dir='ltr'><strong>τοπογρ.</strong></span> <span class='ocrx_word' id='word_1_199' title='bbox 809 3578 839 3642; x_wconf 82' lang='grc' dir='ltr'><strong>ἐν</strong></span> <span class='ocrx_word' id='word_1_200' title='bbox 859 3569 1095 3659; x_wconf 83' lang='lat' dir='ltr'><strong>Montianenn,</strong></span> <span class='ocrx_word' id='word_1_201' title='bbox 1115 3569 1256 3641; x_wconf 85' lang='lat' dir='ltr'><strong>Collect.</strong></span> <span class='ocrx_word' id='word_1_202' title='bbox 1275 3573 1363 3643; x_wconf 88' lang='lat' dir='ltr'><strong>Nov.</strong></span> <span class='ocrx_word' id='word_1_203' title='bbox 1400 3573 1464 3640; x_wconf 87' lang='lat' dir='ltr'><strong>PP·</strong></span> <span class='ocrx_word' id='word_1_204' title='bbox 1498 3573 1617 3642; x_wconf 84' lang='lat' dir='ltr'><strong>Graec.</strong></span> <span class='ocrx_word' id='word_1_205' title='bbox 1647 3570 1724 3644; x_wconf 83' lang='lat' dir='ltr'><strong>vot.</strong></span> <span class='ocrx_word' id='word_1_206' title='bbox 1744 3573 1788 3662; x_wconf 88' lang='lat'><strong>11,</strong></span> 
     </span>
     <span class='ocr_line' id='line_1_23' title="bbox 540 3683 1788 3779; baseline 0.001 -22"><span class='ocrx_word' id='word_1_207' title='bbox 540 3708 572 3778; x_wconf 92' lang='lat' dir='ltr'><strong>p.</strong></span> <span class='ocrx_word' id='word_1_208' title='bbox 595 3692 677 3774; x_wconf 84' lang='grc'><strong>111,</strong></span> <span class='ocrx_word' id='word_1_209' title='bbox 701 3694 767 3774; x_wconf 87' lang='grc' dir='ltr'><strong>καὶ,</strong></span> <span class='ocrx_word' id='word_1_210' title='bbox 784 3683 1008 3778; x_wconf 80' lang='lat' dir='ltr'><strong>Demagistr.,</strong></span> <span class='ocrx_word' id='word_1_211' title='bbox 1028 3684 1050 3756; x_wconf 88' lang='lat' dir='ltr'><strong>l.</strong></span> <span class='ocrx_word' id='word_1_212' title='bbox 1069 3709 1098 3755; x_wconf 85' lang='lat' dir='ltr'><strong>e·</strong></span> <span class='ocrx_word' id='word_1_213' title='bbox 1114 3709 1146 3778; x_wconf 87' lang='lat' dir='ltr'><strong>p.</strong></span> <span class='ocrx_word' id='word_1_214' title='bbox 1171 3694 1250 3759; x_wconf 80' lang='grc'><strong>125.</strong></span> <span class='ocrx_word' id='word_1_215' title='bbox 1266 3687 1333 3756; x_wconf 82' lang='grc' dir='ltr'><strong>Ιιιο.</strong></span> <span class='ocrx_word' id='word_1_216' title='bbox 1349 3687 1456 3779; x_wconf 88' lang='lat' dir='ltr'><strong>Spon,</strong></span> <span class='ocrx_word' id='word_1_217' title='bbox 1473 3686 1692 3757; x_wconf 82' lang='lat' dir='ltr'><strong>Miscellanea</strong></span> <span class='ocrx_word' id='word_1_218' title='bbox 1707 3712 1788 3759; x_wconf 83' lang='lat' dir='ltr'><strong>ern·</strong></span> 
     </span>
     <span class='ocr_line' id='line_1_24' title="bbox 541 3800 1789 3898; baseline 0.008 -29"><span class='ocrx_word' id='word_1_219' title='bbox 541 3800 632 3872; x_wconf 82' lang='lat' dir='ltr'><strong>ditae</strong></span> <span class='ocrx_word' id='word_1_220' title='bbox 672 3800 890 3895; x_wconf 78' lang='lat' dir='ltr'><strong>antiquitatis</strong></span> <span class='ocrx_word' id='word_1_221' title='bbox 928 3801 965 3871; x_wconf 92' lang='lat' dir='ltr'><strong>in</strong></span> <span class='ocrx_word' id='word_1_222' title='bbox 1000 3802 1126 3895; x_wconf 84' lang='lat' dir='ltr'><strong>quibus</strong></span> <span class='ocrx_word' id='word_1_223' title='bbox 1158 3825 1344 3893; x_wconf 82' lang='lat' dir='ltr'><strong>marmora,</strong></span> <span class='ocrx_word' id='word_1_224' title='bbox 1377 3816 1442 3875; x_wconf 81' lang='lat' dir='ltr'><strong>etc.</strong></span> <span class='ocrx_word' id='word_1_225' title='bbox 1475 3802 1547 3876; x_wconf 80' lang='lat' dir='ltr'><strong>vot.</strong></span> <span class='ocrx_word' id='word_1_226' title='bbox 1580 3805 1606 3894; x_wconf 87' lang='lat'><strong>1,</strong></span> <span class='ocrx_word' id='word_1_227' title='bbox 1640 3828 1674 3898; x_wconf 90' lang='lat' dir='ltr'><strong>p.</strong></span> <span class='ocrx_word' id='word_1_228' title='bbox 1709 3814 1789 3879; x_wconf 84' lang='lat'><strong>358.</strong></span> 
     </span>
     <span class='ocr_line' id='line_1_25' title="bbox 541 3917 1788 4015; baseline 0.002 -27"><span class='ocrx_word' id='word_1_229' title='bbox 541 3917 662 4008; x_wconf 82' lang='lat' dir='ltr'><strong>Eckel,</strong></span> <span class='ocrx_word' id='word_1_230' title='bbox 682 3920 799 3992; x_wconf 78' lang='lat' dir='ltr'><strong>Docta.</strong></span> <span class='ocrx_word' id='word_1_231' title='bbox 836 3921 938 3991; x_wconf 90' lang='lat' dir='ltr'><strong>Num.</strong></span> <span class='ocrx_word' id='word_1_232' title='bbox 957 3919 993 3990; x_wconf 89' lang='lat' dir='ltr'><strong>P.</strong></span> <span class='ocrx_word' id='word_1_233' title='bbox 1024 3920 1053 4009; x_wconf 89' lang='grc' dir='ltr'><strong>Ι,</strong></span> <span class='ocrx_word' id='word_1_234' title='bbox 1068 3920 1165 3990; x_wconf 87' lang='lat' dir='ltr'><strong>Tom·</strong></span> <span class='ocrx_word' id='word_1_235' title='bbox 1186 3921 1246 4006; x_wconf 86' lang='lat' dir='ltr'><strong>tv,</strong></span> <span class='ocrx_word' id='word_1_236' title='bbox 1265 3944 1297 4014; x_wconf 88' lang='lat' dir='ltr'><strong>p.</strong></span> <span class='ocrx_word' id='word_1_237' title='bbox 1313 3928 1348 4011; x_wconf 83' lang='lat'><strong>9,</strong></span> <span class='ocrx_word' id='word_1_238' title='bbox 1369 3944 1420 4015; x_wconf 84' lang='lat' dir='ltr'><strong>sq·</strong></span> <span class='ocrx_word' id='word_1_239' title='bbox 1439 3920 1490 3991; x_wconf 88' lang='lat' dir='ltr'><strong>Ed</strong></span> <span class='ocrx_word' id='word_1_240' title='bbox 1508 3919 1666 4007; x_wconf 69' lang='lat' dir='ltr'><strong>chisiani,</strong></span> <span class='ocrx_word' id='word_1_241' title='bbox 1685 3922 1788 3993; x_wconf 74' lang='lat' dir='ltr'><strong>tnti-</strong></span> 
     </span>
     <span class='ocr_line' id='line_1_26' title="bbox 542 4031 1789 4127; baseline 0.003 -25"><span class='ocrx_word' id='word_1_242' title='bbox 542 4031 629 4126; x_wconf 88' lang='lat' dir='ltr'><strong>qnit·</strong></span> <span class='ocrx_word' id='word_1_243' title='bbox 663 4031 772 4106; x_wconf 84' lang='lat' dir='ltr'><strong>Asiat.</strong></span> <span class='ocrx_word' id='word_1_244' title='bbox 805 4056 837 4125; x_wconf 93' lang='lat' dir='ltr'><strong>p.</strong></span> <span class='ocrx_word' id='word_1_245' title='bbox 864 4040 1046 4107; x_wconf 82' lang='lat'><strong>73-80.</strong></span> <span class='ocrx_word' id='word_1_246' title='bbox 1079 4034 1180 4105; x_wconf 86' lang='lat' dir='ltr'><strong>Wott</strong></span> <span class='ocrx_word' id='word_1_247' title='bbox 1210 4036 1280 4105; x_wconf 90' lang='lat' dir='ltr'><strong>nnd</strong></span> <span class='ocrx_word' id='word_1_248' title='bbox 1312 4037 1509 4127; x_wconf 86' lang='lat' dir='ltr'><strong>Buttmann,</strong></span> <span class='ocrx_word' id='word_1_249' title='bbox 1544 4037 1702 4106; x_wconf 83' lang='lat' dir='ltr'><strong>Musenm</strong></span> <span class='ocrx_word' id='word_1_250' title='bbox 1729 4037 1789 4108; x_wconf 80' lang='lat' dir='ltr'><strong>der</strong></span> 
     </span>
     <span class='ocr_line' id='line_1_27' title="bbox 542 4146 1789 4245; baseline 0.007 -29"><span class='ocrx_word' id='word_1_251' title='bbox 542 4146 1068 4221; x_wconf 80' lang='lat' dir='ltr'><strong>Alterthnms—Wissanschalt.</strong></span> <span class='ocrx_word' id='word_1_252' title='bbox 1085 4149 1159 4220; x_wconf 81' lang='lat' dir='ltr'><strong>vot.</strong></span> <span class='ocrx_word' id='word_1_253' title='bbox 1182 4159 1216 4239; x_wconf 89' lang='grc'><strong>2,</strong></span> <span class='ocrx_word' id='word_1_254' title='bbox 1237 4175 1270 4245; x_wconf 86' lang='lat' dir='ltr'><strong>p·</strong></span> <span class='ocrx_word' id='word_1_255' title='bbox 1294 4160 1372 4226; x_wconf 87' lang='grc'><strong>105.</strong></span> <span class='ocrx_word' id='word_1_256' title='bbox 1401 4153 1525 4224; x_wconf 75' lang='grc' dir='ltr'><strong>ΑιιοοΙ.</strong></span> <span class='ocrx_word' id='word_1_257' title='bbox 1541 4152 1582 4223; x_wconf 83' lang='lat' dir='ltr'><strong>de</strong></span> <span class='ocrx_word' id='word_1_258' title='bbox 1601 4150 1624 4220; x_wconf 92' lang='lat' dir='ltr'><strong>l&#39;</strong></span> <span class='ocrx_word' id='word_1_259' title='bbox 1639 4152 1789 4225; x_wconf 86' lang='lat' dir='ltr'><strong>institut.</strong></span> 
     </span>
     <span class='ocr_line' id='line_1_28' title="bbox 544 4260 1789 4360; baseline 0.008 -29"><span class='ocrx_word' id='word_1_260' title='bbox 544 4260 586 4331; x_wconf 86' lang='lat' dir='ltr'><strong>da</strong></span> <span class='ocrx_word' id='word_1_261' title='bbox 617 4261 842 4355; x_wconf 81' lang='lat' dir='ltr'><strong>Correspond·</strong></span> <span class='ocrx_word' id='word_1_262' title='bbox 873 4263 1078 4358; x_wconf 71' lang='lat' dir='ltr'><strong>Archtoiog.</strong></span> <span class='ocrx_word' id='word_1_263' title='bbox 1111 4267 1150 4335; x_wconf 92' lang='lat' dir='ltr'><strong>T.</strong></span> <span class='ocrx_word' id='word_1_264' title='bbox 1169 4267 1246 4356; x_wconf 86' lang='grc' dir='ltr'><strong>ΧΠ,</strong></span> <span class='ocrx_word' id='word_1_265' title='bbox 1274 4290 1304 4360; x_wconf 95' lang='lat' dir='ltr'><strong>p.</strong></span> <span class='ocrx_word' id='word_1_266' title='bbox 1325 4275 1404 4341; x_wconf 86' lang='grc'><strong>252.</strong></span> <span class='ocrx_word' id='word_1_267' title='bbox 1424 4270 1549 4356; x_wconf 82' lang='lat' dir='ltr'><strong>Roma,</strong></span> <span class='ocrx_word' id='word_1_268' title='bbox 1571 4275 1673 4342; x_wconf 71' lang='grc'><strong>1841.</strong></span> <span class='ocrx_word' id='word_1_269' title='bbox 1695 4272 1789 4359; x_wconf 77' lang='grc' dir='ltr'><strong>κτλ).</strong></span> 
     </span>
     <span class='ocr_line' id='line_1_29' title="bbox 545 4376 1790 4484; baseline 0.004 -33"><span class='ocrx_word' id='word_1_270' title='bbox 545 4396 645 4454; x_wconf 81' lang='grc' dir='ltr'><strong>Τοῦτο</strong></span> <span class='ocrx_word' id='word_1_271' title='bbox 664 4376 699 4452; x_wconf 74' lang='grc' dir='ltr'><strong>δὲ</strong></span> <span class='ocrx_word' id='word_1_272' title='bbox 725 4386 763 4452; x_wconf 85' lang='grc' dir='ltr'><strong>τό</strong></span> <span class='ocrx_word' id='word_1_273' title='bbox 789 4378 1046 4480; x_wconf 71' lang='grc' dir='ltr'><strong>ἀξιολογώτατον</strong></span> <span class='ocrx_word' id='word_1_274' title='bbox 1065 4404 1210 4481; x_wconf 78' lang='grc' dir='ltr'><strong>μνημεῖον</strong></span> <span class='ocrx_word' id='word_1_275' title='bbox 1229 4390 1319 4456; x_wconf 86' lang='grc' dir='ltr'><strong>νόθον</strong></span> <span class='ocrx_word' id='word_1_276' title='bbox 1335 4393 1477 4483; x_wconf 83' lang='grc' dir='ltr'><strong>ένόμισιίν</strong></span> <span class='ocrx_word' id='word_1_277' title='bbox 1492 4416 1571 4467; x_wconf 88' lang='grc' dir='ltr'><strong>τινες</strong></span> <span class='ocrx_word' id='word_1_278' title='bbox 1592 4402 1654 4459; x_wconf 87' lang='grc' dir='ltr'><strong>τῶν</strong></span> <span class='ocrx_word' id='word_1_279' title='bbox 1684 4400 1790 4484; x_wconf 59' lang='grc' dir='ltr'><strong>καχυέ</strong></span> 
     </span>
     <span class='ocr_line' id='line_1_30' title="bbox 545 4495 1787 4594; baseline 0.002 -28"><span class='ocrx_word' id='word_1_280' title='bbox 545 4501 675 4567; x_wconf 82' lang='grc' dir='ltr'><strong>πόπτων</strong></span> <span class='ocrx_word' id='word_1_281' title='bbox 701 4511 844 4593; x_wconf 82' lang='grc' dir='ltr'><strong>κριτικῶν</strong></span> <span class='ocrx_word' id='word_1_282' title='bbox 864 4495 941 4583; x_wconf 85' lang='grc' dir='ltr'><strong>(οἷον</strong></span> <span class='ocrx_word' id='word_1_283' title='bbox 960 4507 1077 4590; x_wconf 81' lang='lat' dir='ltr'><strong>Beper,</strong></span> <span class='ocrx_word' id='word_1_284' title='bbox 1098 4496 1134 4566; x_wconf 93' lang='lat' dir='ltr'><strong>in</strong></span> <span class='ocrx_word' id='word_1_285' title='bbox 1151 4497 1314 4571; x_wconf 83' lang='lat' dir='ltr'><strong>Thesaur.</strong></span> <span class='ocrx_word' id='word_1_286' title='bbox 1345 4498 1602 4594; x_wconf 81' lang='lat' dir='ltr'><strong>Brandanburg.</strong></span> <span class='ocrx_word' id='word_1_287' title='bbox 1622 4498 1700 4570; x_wconf 84' lang='lat' dir='ltr'><strong>vot.</strong></span> <span class='ocrx_word' id='word_1_288' title='bbox 1727 4501 1787 4588; x_wconf 84' lang='lat' dir='ltr'><strong>tlt,</strong></span> 
     </span>
     <span class='ocr_line' id='line_1_31' title="bbox 545 4611 1787 4711; baseline 0.004 -31"><span class='ocrx_word' id='word_1_289' title='bbox 545 4617 599 4680; x_wconf 84' lang='grc' dir='ltr'><strong>καὶ</strong></span> <span class='ocrx_word' id='word_1_290' title='bbox 621 4615 726 4696; x_wconf 83' lang='grc' dir='ltr'><strong>ἄλλοι,</strong></span> <span class='ocrx_word' id='word_1_291' title='bbox 759 4616 812 4680; x_wconf 87' lang='grc' dir='ltr'><strong>καί</strong></span> <span class='ocrx_word' id='word_1_292' title='bbox 847 4615 1008 4682; x_wconf 70' lang='grc' dir='ltr'><strong>ἁπάντων</strong></span> <span class='ocrx_word' id='word_1_293' title='bbox 1027 4620 1167 4709; x_wconf 86' lang='grc' dir='ltr'><strong>μάλιστα</strong></span> <span class='ocrx_word' id='word_1_294' title='bbox 1192 4611 1379 4711; x_wconf 76' lang='grc' dir='ltr'><strong>δριμύτατος</strong></span> <span class='ocrx_word' id='word_1_295' title='bbox 1402 4625 1603 4711; x_wconf 82' lang='grc' dir='ltr'><strong>Βαλκενῆρος.</strong></span> <span class='ocrx_word' id='word_1_296' title='bbox 1636 4612 1787 4684; x_wconf 76' lang='lat' dir='ltr'><strong>Valcke-</strong></span> 
     </span>
     <span class='ocr_line' id='line_1_32' title="bbox 546 4721 1788 4827; baseline 0.008 -36"><span class='ocrx_word' id='word_1_297' title='bbox 546 4745 641 4812; x_wconf 81' lang='lat' dir='ltr'><strong>naar,</strong></span> <span class='ocrx_word' id='word_1_298' title='bbox 675 4721 824 4816; x_wconf 78' lang='lat' dir='ltr'><strong>Elegiar.</strong></span> <span class='ocrx_word' id='word_1_299' title='bbox 852 4722 975 4816; x_wconf 79' lang='lat' dir='ltr'><strong>fragm.</strong></span> <span class='ocrx_word' id='word_1_300' title='bbox 1013 4725 1212 4800; x_wconf 72' lang='lat' dir='ltr'><strong>callimach.</strong></span> <span class='ocrx_word' id='word_1_301' title='bbox 1245 4751 1278 4820; x_wconf 87' lang='lat' dir='ltr'><strong>p·</strong></span> <span class='ocrx_word' id='word_1_302' title='bbox 1309 4735 1354 4801; x_wconf 82' lang='lat'><strong>90</strong></span> <span class='ocrx_word' id='word_1_303' title='bbox 1371 4730 1394 4819; x_wconf 91' lang='lat'><strong>)‚</strong></span> <span class='ocrx_word' id='word_1_304' title='bbox 1422 4728 1707 4827; x_wconf 77' lang='grc' dir='ltr'><strong>προπηλακίζοντες</strong></span> <span class='ocrx_word' id='word_1_305' title='bbox 1731 4738 1788 4803; x_wconf 83' lang='grc' dir='ltr'><strong>τὸν</strong></span> 
     </span>
     <span class='ocr_line' id='line_1_33' title="bbox 546 4844 1790 4941; baseline 0.005 -33"><span class='ocrx_word' id='word_1_306' title='bbox 546 4855 668 4935; x_wconf 83' lang='grc' dir='ltr'><strong>πρῶτον</strong></span> <span class='ocrx_word' id='word_1_307' title='bbox 691 4844 748 4917; x_wconf 76' lang='grc' dir='ltr'><strong>τὴν</strong></span> <span class='ocrx_word' id='word_1_308' title='bbox 774 4845 944 4936; x_wconf 76' lang='grc' dir='ltr'><strong>ἐπιγραφὴν</strong></span> <span class='ocrx_word' id='word_1_309' title='bbox 976 4845 1224 4936; x_wconf 79' lang='grc' dir='ltr'><strong>ἀνακαλύψαντα</strong></span> <span class='ocrx_word' id='word_1_310' title='bbox 1263 4859 1393 4941; x_wconf 82' lang='grc' dir='ltr'><strong>Κοομᾶν</strong></span> <span class='ocrx_word' id='word_1_311' title='bbox 1423 4847 1463 4927; x_wconf 84' lang='grc' dir='ltr'><strong>ὡς</strong></span> <span class='ocrx_word' id='word_1_312' title='bbox 1495 4851 1652 4933; x_wconf 85' lang='grc' dir='ltr'><strong>εὑπιστον,</strong></span> <span class='ocrx_word' id='word_1_313' title='bbox 1683 4848 1703 4922; x_wconf 74' lang='grc' dir='ltr'>ἢ</span> <span class='ocrx_word' id='word_1_314' title='bbox 1737 4852 1790 4915; x_wconf 83' lang='grc' dir='ltr'><strong>καί</strong></span> 
     </span>
     <span class='ocr_line' id='line_1_34' title="bbox 548 4953 1791 5055; baseline 0.003 -31"><span class='ocrx_word' id='word_1_315' title='bbox 548 4960 666 5025; x_wconf 82' lang='grc' dir='ltr'><strong>πλάνον</strong></span> <span class='ocrx_word' id='word_1_316' title='bbox 686 4960 798 5055; x_wconf 71' lang='grc' dir='ltr'><strong>γόητα</strong></span> <span class='ocrx_word' id='word_1_317' title='bbox 818 4953 891 5025; x_wconf 85' lang='grc' dir='ltr'><strong>ἀλλ’</strong></span> <span class='ocrx_word' id='word_1_318' title='bbox 905 4962 1050 5027; x_wconf 84' lang='grc' dir='ltr'><strong>ἀντεῖπον</strong></span> <span class='ocrx_word' id='word_1_319' title='bbox 1069 4964 1142 5055; x_wconf 83' lang='grc' dir='ltr'><strong>πρός</strong></span> <span class='ocrx_word' id='word_1_320' title='bbox 1167 4964 1278 5042; x_wconf 82' lang='grc' dir='ltr'><strong>αὐτοὺς</strong></span> <span class='ocrx_word' id='word_1_321' title='bbox 1298 4965 1391 5031; x_wconf 85' lang='grc' dir='ltr'><strong>ἄλλοι</strong></span> <span class='ocrx_word' id='word_1_322' title='bbox 1406 4990 1442 5032; x_wconf 90' lang='grc' dir='ltr'><strong>τε</strong></span> <span class='ocrx_word' id='word_1_323' title='bbox 1464 4968 1517 5033; x_wconf 83' lang='grc' dir='ltr'><strong>καὶ</strong></span> <span class='ocrx_word' id='word_1_324' title='bbox 1537 4965 1553 5033; x_wconf 86' lang='grc' dir='ltr'><strong>ό</strong></span> <span class='ocrx_word' id='word_1_325' title='bbox 1573 4963 1791 5055; x_wconf 87' lang='grc' dir='ltr'><strong>Βουττμοίννος</strong></span> 
     </span>
    </p>
   </div>
   <div class='ocr_carea' id='block_1_5' title="bbox 550 5057 1792 5282">
    <p class='ocr_par' dir='ltr' id='par_1_5' title="bbox 550 5057 1792 5282">
     <span class='ocr_line' id='line_1_35' title="bbox 550 5057 1792 5170; baseline 0.006 -34"><span class='ocrx_word' id='word_1_326' title='bbox 550 5057 740 5161; x_wconf 77' lang='lat' dir='ltr'><strong>(Buttmann,</strong></span> <span class='ocrx_word' id='word_1_327' title='bbox 759 5066 780 5137; x_wconf 95' lang='lat' dir='ltr'><strong>l.</strong></span> <span class='ocrx_word' id='word_1_328' title='bbox 804 5058 863 5166; x_wconf 71' lang='grc' dir='ltr'><strong>ω),</strong></span> <span class='ocrx_word' id='word_1_329' title='bbox 888 5076 941 5141; x_wconf 87' lang='grc' dir='ltr'><strong>καὶ</strong></span> <span class='ocrx_word' id='word_1_330' title='bbox 961 5073 978 5140; x_wconf 86' lang='grc' dir='ltr'><strong>ό</strong></span> <span class='ocrx_word' id='word_1_331' title='bbox 996 5077 1099 5168; x_wconf 81' lang='grc' dir='ltr'><strong>καιρὸς</strong></span> <span class='ocrx_word' id='word_1_332' title='bbox 1121 5069 1264 5157; x_wconf 77' lang='grc' dir='ltr'><strong>ἀπέθιιξε</strong></span> <span class='ocrx_word' id='word_1_333' title='bbox 1291 5080 1329 5145; x_wconf 83' lang='grc' dir='ltr'><strong>τὸ</strong></span> <span class='ocrx_word' id='word_1_334' title='bbox 1350 5072 1474 5164; x_wconf 70' lang='grc' dir='ltr'><strong>βέβαιον</strong></span> <span class='ocrx_word' id='word_1_335' title='bbox 1493 5082 1546 5147; x_wconf 91' lang='grc' dir='ltr'><strong>καὶ</strong></span> <span class='ocrx_word' id='word_1_336' title='bbox 1574 5080 1699 5170; x_wconf 79' lang='grc' dir='ltr'><strong>γνιίσιον</strong></span> <span class='ocrx_word' id='word_1_337' title='bbox 1734 5089 1792 5143; x_wconf 85' lang='grc' dir='ltr'><strong>τοῦ</strong></span> 
     </span>
     <span class='ocr_line' id='line_1_36' title="bbox 551 5182 1791 5282; baseline -0.003 -22"><span class='ocrx_word' id='word_1_338' title='bbox 551 5189 707 5280; x_wconf 80' lang='grc' dir='ltr'><strong>μνημείου.</strong></span> <span class='ocrx_word' id='word_1_339' title='bbox 727 5182 795 5271; x_wconf 73' lang='grc' dir='ltr'><strong>(ολ</strong></span> <span class='ocrx_word' id='word_1_340' title='bbox 824 5190 877 5254; x_wconf 77' lang='grc' dir='ltr'><strong>καὶ</strong></span> <span class='ocrx_word' id='word_1_341' title='bbox 905 5182 955 5253; x_wconf 87' lang='lat' dir='ltr'><strong>De</strong></span> <span class='ocrx_word' id='word_1_342' title='bbox 977 5185 1078 5280; x_wconf 81' lang='lat' dir='ltr'><strong>Sacy,</strong></span> <span class='ocrx_word' id='word_1_343' title='bbox 1098 5189 1295 5278; x_wconf 81' lang='lat' dir='ltr'><strong>Memoires,</strong></span> <span class='ocrx_word' id='word_1_344' title='bbox 1328 5190 1366 5258; x_wconf 89' lang='grc' dir='ltr'><strong>Τ.</strong></span> <span class='ocrx_word' id='word_1_345' title='bbox 1394 5191 1472 5275; x_wconf 87' lang='grc' dir='ltr'><strong>ΧΠ,</strong></span> <span class='ocrx_word' id='word_1_346' title='bbox 1499 5212 1532 5282; x_wconf 92' lang='lat' dir='ltr'><strong>p.</strong></span> <span class='ocrx_word' id='word_1_347' title='bbox 1563 5196 1644 5261; x_wconf 81' lang='lat'><strong>330.</strong></span> <span class='ocrx_word' id='word_1_348' title='bbox 1663 5184 1791 5257; x_wconf 86' lang='lat' dir='ltr'><strong>Cham-</strong></span> 
     </span>
    </p>
   </div>
   <div class='ocr_carea' id='block_1_6' title="bbox 550 5294 1790 5400">
    <p class='ocr_par' dir='ltr' id='par_1_6' title="bbox 550 5294 1790 5400">
     <span class='ocr_line' id='line_1_37' title="bbox 550 5294 1790 5400; baseline 0.005 -31"><span class='ocrx_word' id='word_1_349' title='bbox 550 5294 840 5394; x_wconf 70' lang='lat' dir='ltr'><strong>pollion-figeac,</strong></span> <span class='ocrx_word' id='word_1_350' title='bbox 857 5296 1006 5372; x_wconf 83' lang='lat' dir='ltr'><strong>Annales</strong></span> <span class='ocrx_word' id='word_1_351' title='bbox 1025 5302 1084 5377; x_wconf 85' lang='lat' dir='ltr'><strong>des</strong></span> <span class='ocrx_word' id='word_1_352' title='bbox 1100 5304 1258 5399; x_wconf 73' lang='lat' dir='ltr'><strong>Lapides·</strong></span> <span class='ocrx_word' id='word_1_353' title='bbox 1274 5305 1312 5379; x_wconf 80' lang='lat' dir='ltr'><strong>t.</strong></span> <span class='ocrx_word' id='word_1_354' title='bbox 1330 5313 1365 5399; x_wconf 89' lang='grc'><strong>2,</strong></span> <span class='ocrx_word' id='word_1_355' title='bbox 1383 5327 1417 5400; x_wconf 90' lang='lat' dir='ltr'><strong>p·</strong></span> <span class='ocrx_word' id='word_1_356' title='bbox 1434 5312 1492 5398; x_wconf 82' lang='lat' dir='ltr'><strong>tn,</strong></span> <span class='ocrx_word' id='word_1_357' title='bbox 1513 5311 1569 5378; x_wconf 79' lang='lat'><strong>55.</strong></span> <span class='ocrx_word' id='word_1_358' title='bbox 1588 5302 1790 5396; x_wconf 82' lang='lat' dir='ltr'><strong>Saxa,0no·</strong></span> 
     </span>
    </p>
   </div>
   <div class='ocr_carea' id='block_1_7' title="bbox 0 0 2352 6756">
    <p class='ocr_par' dir='ltr' id='par_1_7' title="bbox 0 0 2352 6756">
     <span class='ocr_line' id='line_1_38' title="bbox 0 0 2352 6756; baseline 0 0"><span class='ocrx_word' id='word_1_359' title='bbox 0 0 2352 6756; x_wconf 95' lang='lat' dir='ltr'><strong> </strong></span> 
     </span>
    </p>
   </div>
  </div>
 </body>
</html>
