4626 6728
1249 948 1272 997 0

800 1071 931 1134 monas
948 1069 1093 1135 annam
1106 1070 1254 1133 utilas.
1554 1069 1617 1138 tot

622 1271 665 1342 Et
683 1293 752 1342 non
772 1271 914 1343 ferenda
933 1283 1115 1343 conterunt
1131 1295 1140 1354 ;
1154 1267 1306 1342 [lammis
1326 1279 1417 1341 satos

625 1386 837 1480 Populantur
856 1410 971 1480 agros,
990 1386 1237 1481 depeculanlur
1253 1383 1343 1455 lares

622 1502 912 1574 Domesticorum.
936 1504 1043 1574 'lotus
1064 1515 1167 1572 aerata
1188 1500 1302 1571 nitens

624 1617 707 1688 Cuis
726 1641 808 1710 ergo
825 1632 932 1705 reste,
950 1617 1081 1688 ratibus
1100 1614 1291 1686 innumeris
1308 1624 1442 1707 potens,

625 1852 765 1923 Plebem
779 1851 1003 1940 imbecillam,
1017 1831 1145 1920 amoris
1165 1858 1355 1942 expertem,
1376 1847 1473 1940 ieris,

625 1969 672 2042 Ut
696 1969 889 2063 inquietum
905 1970 1060 2062 pelagus,
1073 1966 1237 2061 agitatum
1252 1966 1357 2052 notis,

626 2087 739 2171 Quam
756 2109 819 2157 nec
836 2086 945 2156 futuri
962 2097 1087 2174 terror,
1103 2096 1137 2156 et
1156 2082 1297 2154 honoris
1316 2097 1434 2156 movet

626 2202 799 2291 Scintilla,
818 2200 933 2272 nullus
952 2200 1065 2294 operis
1085 2223 1126 2270 ac
1146 2221 1258 2269 sermo
1279 2199 1373 2289 boni,

627 2316 710 2386 Sine
727 2316 830 2402 caede,
851 2315 977 2405 subito,
993 2313 1107 2395 lacild,
1127 2336 1206 2383 cum
1227 2312 1328 2384 ducat
1348 2315 1454 2404 Deus,

629 2430 763 2502 Labore
782 2429 891 2518 nullo,
907 2427 1067 2522 prospere
1093 2427 1129 2527 in
1149 2436 1277 2497 certam
1294 2427 1413 2520 lugam

629 2548 709 2618 Non
728 2544 870 2618 vertat?
888 2544 993 2617 armis
1011 2544 1168 2631 induere,
1185 2554 1375 2644 et‘scutum
1391 2568 1488 2639 cape,

631 2663 784 2757 Accinge
799 2662 965 2757 gladium,
984 2661 1095 2733 milite
1112 2660 1246 2732 hastatd
1262 2661 1376 2732 solum

631 2782 751 2883 lleplc,
764 2781 936 2875 jacentem
950 2780 1059 2855 libera
1075 2802 1093 2881 ;Ι
1105 2778 1250 2882 patriam
1262 2778 1371 2872 juva,

628 2898 786 2990 Tenrpla‚
806 2898 1060 2991 tumulumque,
1076 2894 1230 2965 membra
1245 2918 1349 2988 quem
1371 2896 1499 2968 Christi
1526 2918 1623 2968 sacra

632 3012 789 3102 Subiere,
817 3011 977 3106 Princeps
997 3010 1145 3082 miseriis
1165 3009 1259 3081 hisce
1278 3010 1386 3104 eripe,

633 3127 808 3220 Benignd3
830 3126 918 3197 dona
939 3128 1054 3213 redde,
1074 3127 1171 3220 queis
1186 3125 1305 3220 primis
1324 3126 1377 3196 lui

634 3242 765 3312 Ornata
784 3240 901 3310 seclis:
921 3264 1038 3336 opere,
1051 3241 1154 3334 quiam
1170 3241 1276 3329 lama,
1291 3241 1383 3311 reier

635 3355 773 3428 Exinde
789 3352 912 3425 melius
931 3377 1066 3428 nomen.
1090 3357 1172 3425 llaec
1189 3355 1389 3445 nnllam
1416 3354 1497 3425 sinu

638 3472 808 3565 Amplexa
826 3495 985 3566 puerum,
1006 3496 1119 3544 sermo
1139 3496 1242 3568 quem
1260 3472 1376 3545 nullus
1401 3473 1485 3545 satis

637 3587 821 3660 Celebrare
840 3587 962 3682 possit,
977 3588 1075 3659 basia
1089 3587 1215 3683 optatis
1232 3587 1329 3681 genis

637 3703 797 3775 Secunda
819 3702 913 3778 libat.
946 3703 1072 3776 Faetus
1092 3727 1253 3775 aerumnae
1270 3705 1372 3791 Puer,

639 3820 829 3913 Loquentis
845 3843 917 3911 ore,
933 3821 1107 3905 conscius,
1123 3820 1279 3890 Dominae
1298 3819 1436 3911 probra,

640 3935 858 4029 lnjuriasque
881 3946 949 4006 tam
967 3958 1088 4028 graves
1108 3933 1261 4029 graviter
1279 3932 1373 4020 tulit,

642 4047 899 4141 Doloribusque
917 4048 1028 4119 flebili
1048 4048 1198 4121 indoluit
1216 4047 1333 4136 modo,

641 4163 829 4258 Alacrique
846 4164 945 4235 vultu
964 4165 1114 4259 proximi
1133 4177 1252 4235 contra
1273 4163 1384 4234 Patris

643 4276 792 4350 lntuitus
812 4300 888 4366 ora,
902 4279 1056 4350 suaviter
1075 4280 1182 4349 risum
1205 4278 1285 4368 ciet,

644 4392 811 4485 Patrique
838 4393 932 4463 visus
951 4394 1017 4466 ista
1038 4395 1223 4489 prudenter
1240 4392 1347 4488 loqui.

696 4511 823 4596 Quam,
839 4509 994 4602 Genitor,
1010 4511 1096 4582 iram
1117 4524 1230 4582 mente
1245 4519 1446 4604 conceptam
1465 4512 1576 4602 loves,

646 4626 782 4717 Preme,
799 4649 875 4716 uro,
893 4629 1040 4700 transfer
1055 4629 1210 4700 lanceam
1231 4627 1456 4717 homicidam,

650 4744 775 4814 Procul
801 4744 844 4814 ad
860 4746 962 4836 Eoos,
976 4745 1057 4815 ltine
1075 4745 1119 4816 alr
1140 4747 1293 4839 Europa,
1307 4743 1424 4826 sinus;

649 4857 717 4928 Ubi
736 4859 891 4932 virorum
910 4863 1041 4955 pulsor,
1056 4874 1088 4933 el
1103 4861 1242 4955 iniquus
1256 4883 1378 4955 graves
1395 4859 1481 4930 exili

651 4974 861 5048 Hominibus
879 4990 991 5049 armat
1010 4978 1157 5072 populus
1177 4998 1367 5049 aerumnas:
1388 4974 1501 5045 minas

654 5091 744 5160 Dum
765 5092 857 5185 spiro
877 5093 1005 5164 vindex
1025 5117 1097 5184 ore,
1118 5091 1318 5185 clademque
1338 5090 1504 5184 hostium,

654 5206 751 5278 Licet
770 5208 905 5280 tenellis
925 5232 1102 5304 perperam
1124 5207 1286 5279 membris
1308 5206 1393 5300 liget

656 5326 802 5403 Puerilis
818 5339 916 5421 ntes,
933 5327 1014 5398 orde
1040 5347 1207 5422 generoso
1231 5336 1352 5420 potens
