4644 6758
556 1116 624 1182 448
733 1124 794 1181 ΕΙΣ
819 1125 870 1180 ΤΑ
896 1122 1186 1182 ΣΥΓΓΡΑΜΜΛΤΑ
1213 1119 1393 1183 480447οΣ
1419 1122 1627 1181 ΑΑΛΑΤῘΟΥ·

552 1311 608 1377 τὸν
625 1320 862 1379 Κωνσταντῑνον
890 1309 1077 1403 περνώνυμόν
1090 1333 1125 1376 τε
1150 1310 1291 1402 ἐπίτιμον
1314 1309 1420 1402 ἰατρόν
1444 1312 1496 1377 κάί
1513 1310 1646 1401 χημικόν
1667 1318 1723 1375 τού
1739 1318 1801 1382 ’τῆς

552 1427 700 1515 Μεγάλης
720 1425 886 1514 Βρετανίας
914 1423 1050 1501 ἄνακτος
1085 1422 1231 1514 Καρόλου
1247 1434 1304 1491 τού
1324 1413 1371 1507 B',
1391 1424 1475 1501 ὅστις
1494 1423 1597 1491 πολλὰ
1617 1420 1800 1514 εὐεργέτησε

551 1609 628 1691 όρίου
657 1623 705 1668 τοῦ
734 1613 822 1683 4633,
845 1612 999 1691 ίνομρεύθη
1022 1608 1070 1681 δίς,
1089 1622 1128 1684 τῷ
1147 1613 1236 1684 4659,
1254 1617 1381 1690 Μαρτίου
1410 1615 1457 1684 44,
1477 1608 1708 1689 τήνΣμαράγδαν
1727 1614 1800 1686 rpu-

551 1706 643 1782 μάλδη
658 1708 796 1773 νεωτάτην
816 1707 951 1783 θυγατέρα
972 1716 1021 1762 τού
1040 1710 1197 1784 μαρκησίου
1216 1707 1399 1786 Ἀλεξάνδρου
1419 1705 1563 1785 Γρτμάλδη
1585 1714 1633 1764 καί
1647 1717 1695 1772 τῆς
1714 1706 1740 1768 44
1756 1706 1797 1761 ’4-

549 1810 665 1870 σπανίας
679 1809 855 1884 Φραγγίσκης
870 1802 897 1861 δέ
917 1802 1023 1882 Χλέρκ,
1041 1811 1089 1861 καί
1112 1816 1150 1878 τῷ
1171 1807 1257 1876 4668,
1272 1808 1388 1863 Ἰουνίου
1409 1808 1458 1881 48,
1476 1811 1526 1873 τήν
1539 1808 1644 1863 Ἀνναν
1672 1798 1799 1860 Ἐλλαδά

548 1903 776 1974 Χασταμονίτου,
795 1903 881 1976 μόνον
904 1901 1000 1955 τέκνον
1019 1910 1068 1955 τού
1097 1902 1218 1975 κόμητος
1238 1899 1416 1978 Ἀνδρονίκου
1443 1898 1566 1958 Ἐλλαδά
1591 1905 1639 1954 καὶ
1658 1901 1798 1963 τήςθτο-

548 1993 636 2072 δώροις
659 1997 870 2069 Κασταμονίτη,
894 1991 1056 2050 τελευταίων
1075 1996 1166 2072 γόνων
1185 2007 1340 2074 περερανων
1359 1997 1531 2062 Βυζαντινεῖνν
1556 1996 1653 2054 οίκων.
1668 1997 1716 2048 καί
1735 1994 1800 2047 ἐτε-

547 2089 678 2159 λεύτησεν
697 2096 726 2148 έν
745 2096 842 2169 Ῥώμη
857 2103 896 2166 τῷ
912 2093 999 2162 4689,
1018 2094 1133 2150 Ἰουνίου
1151 2093 1274 2166 mom
1299 2097 1333 2151 τά
1352 2093 1470 2169 λείψανα
1498 2096 1582 2150 αὐτού
1612 2094 1798 2166 ἐκομίσθησαν

548 2195 619 2247 κατά
639 2196 686 2248 τόν
709 2195 870 2268 Αὔγουστον
889 2202 937 2247 τού
952 2194 1035 2248 αὑτοῦ
1051 2194 1126 2255 ἔτους
1145 2194 1175 2248 ίν
1190 2193 1251 2265 Χίερ
1266 2198 1312 2248 καί
1331 2195 1471 2271 ἐτάφησαν
1490 2193 1519 2247 4ν
1533 2203 1573 2264 τῷ
1597 2192 1799 2266 οἶκογενετακφ

547 2283 725 2362 μαυσωλείῳ)
745 2283 986 2355 Ῥοδοκανάκιδος,
1009 2287 1164 2340 τυπωθετσα
1193 2282 1221 2342 δέ
1250 2298 1297 2342 νῦν
1325 2290 1357 2342 τό
1385 2297 1495 2363 πρῶτον
1519 2289 1573 2341 όπό
1591 2295 1640 2340 τοῦ
1665 2295 1797 2339 ταπεινοῦ

547 2384 632 2438 αύτού
655 2382 831 2458 θεράποντος,
859 2379 1040 2455 Ἐμμανουήλ
1068 2379 1230 2438 Σκυλετσίου
1259 2394 1307 2439 τού
1328 2386 1441 2442 Χιώτου
1464 2383 1526 2461 (Ἐν
1545 2381 1603 2438 σελ.
1619 2383 1648 2446 3,
1662 2382 1797 2455 84834,

546 2476 596 2546 33,
613 2476 720 2545 64-63,
736 2475 796 2552 69).
812 2476 862 2532 Ἐν
876 2477 985 2549 Ῥώμῃ,
1004 2478 1093 2553 ᾳχπὰ,
1113 2480 1150 2538 εἰς
1165 2477 1225 2536 4ον.
1242 2477 1372 2537 Histoire
1391 2477 1428 2537 de
1447 2477 1473 2537 la
1488 2477 1533 2537 vie
1549 2477 1585 2538 de
1600 2479 1657 2537 Son
1679 2477 1797 2537 Altesse

545 2568 916 2647 lmpkrialeMonseigneur
926 2568 952 2628 4ο
964 2568 1068 2629 Princo
1078 2570 1214 2645 Francois
1224 2570 1796 2649 uncas-Ange-comnene-Palaeologue-

544 2661 778 2738 444104044444445,
792 2664 883 2724 444444
903 2682 955 2742 par
974 2681 1026 2724 son
1042 2663 1087 2723 fils
1099 2665 1211 2725 Manuel
1225 2668 1263 2722 144
1287 2667 1493 2742 (Ἐγγονόςτού
1504 2666 1795 2742 προμνημονευθὲντος

544 2755 685 2826 Παντελή,
699 2758 836 2833 γεννηθεὶς
859 2761 890 2812 ἐκ
917 2769 969 2814 τού
988 2761 1087 2834 τρίτου
1103 2763 1163 2814 υίού
1179 2761 1263 2814 αὑτοῦ
1277 2763 1456 2837 Φραγγίσκου
1470 2764 1517 2813 καί
1536 2768 1583 2824 τῆς
1597 2757 1722 2835 δευτέρας
1743 2779 1797 2814 συύ

488 2910 491 2915 ,
543 2857 627 2931 ζύγου
657 2857 741 2911 αύτού
760 2858 908 2918 Ὗπατείας
927 2853 1113 2928 Μελισσηνής,
1132 2853 1289 2912 τελευταίου
1305 2858 1453 2922 έπείῶντος
1468 2853 1572 2911 κλάδου
1587 2866 1636 2910 τοῦ
1652 2855 1737 2918 όντως
1751 2859 1796 2912 ἐν.

545 2945 625 3011 δόξου
635 2951 735 3004 τούτου
752 2951 920 3016 Βυζαντινού
940 2953 1031 3020 οίκου,
1050 2954 1101 3018 τήν
1123 2950 1159 3011 45
1178 2951 1349 3028 Ἰανουαρίου
1365 2962 1415 3006 τού
1436 2950 1523 3022 4746,
1543 2954 1571 3006 ἐν
1590 2953 1664 3024 Χίῳ.
1680 2955 1796 3029 Διατρί-

544 3038 600 3096 όων
620 3047 657 3107 είς
671 3047 721 3110 τήν
736 3047 863 3120 Σμύρνην
882 3045 1037 3124 ἐνυμρεύθη
1052 3049 1102 3112 τήν
1118 3043 1284 3104 42Ἷουλίου
1304 3055 1352 3100 τού
1373 3045 1450 3105 4745
1469 3047 1518 3111 τήν
1535 3041 1683 3122 έξαδὲλρην
1707 3047 1795 3101 αὐτού

543 3136 686 3213 Ἀργυρήν
704 3140 858 3215 Συργιάννη
877 3141 948 3193 κατά
971 3141 1021 3205 τήν
1036 3139 1167 3194 ἀνέκαθεν
1186 3141 1410 3216 ἐπικρατήσασαν
1432 3139 1576 3204 συνήθειαν
1591 3142 1628 3202 είς
1643 3142 1689 3194 τόν
1704 3140 1793 3197 Οἷκον

543 3231 635 3302 ήμῶν,
646 3233 682 3292 ὡς
701 3235 748 3285 καί
766 3233 803 3293 τίς
823 3227 944 3293 πολλοὺς
960 3228 1060 3294 άλλους
1075 3235 1149 3294 ίσους
1164 3234 1250 3306 αύτῷ,
1271 3235 1302 3287 νά
1318 3228 1479 3308 λαμόάνωσι
1493 3235 1526 3288 τά
1538 3231 1610 3305 μέλη
1630 3235 1714 3289 αὑτοῦ
1740 3254 1793 3296 συ-,

543 3329 643 3404 ζόγους
659 3330 684 3392 ἐξ
700 3333 798 3386 ἑαυτοῦ
818 3333 889 3384 κατά
909 3333 1083 3407 προτίμηστν.
1104 3329 1301 3398 Ἐτελεύτησεν
1333 3335 1362 3387 έν
1376 3334 1440 3404 Χίῳ
1467 3334 1516 3397 τήν
1537 3331 1573 3392 43
1593 3332 1709 3386 Ἰουνίου
1742 3342 1794 3387 τού

544 3426 620 3485 4799
640 3425 816 3503 ὑπέργηρως)
845 3427 908 3503 (Ἐν
928 3425 985 3483 σελ.
1002 3428 1271 3501 4-844.ΑΡαΓίε,
1292 3427 1380 3501 4757,
1409 3425 1573 3506 είςρύλλον.
1606 3426 1704 3486 4444445
1727 3426 1792 3486 hi&

542 3524 659 3603 torique
684 3524 721 3584 de
740 3525 767 3585 la
787 3524 897 3584 maison
916 3524 1026 3602 ΙλογοΙε
1045 3525 1098 3585 des
1116 3525 1350 3599 Rhodocanakis,
1369 3533 1427 3596 εῑε,
1442 3535 1512 3598 etc„
1536 3524 1561 3583 4ο
1581 3532 1647 3584 tout
1666 3523 1792 3583 demon-

542 3623 589 3682 τεά
613 3640 667 3701 ματ
686 3621 739 3682 des
758 3640 883 3702 preuves
900 3621 1074 3701 juridiques,
1105 3622 1300 3700 accompagn&
1324 3620 1410 3683 d'une
1425 3619 1593 3680 traduction
1606 3620 1740 3698 Grecque
1759 3627 1789 3679 οε

540 3715 578 3775 de
598 3714 742 3794 plusieurs
769 3717 949 3776 Documents
975 3718 1038 3776 ίτόε
1056 3714 1276 3795 authentiques,
1303 3725 1373 3787 εῑο,
1391 3724 1460 3786 etc„
1488 3726 1560 3788 σεο,
1586 3731 1639 3792 par
1662 3714 1691 3772 S.
1711 3719 1746 3772 A.
1767 3715 1790 3770 1.

541 3814 568 3872 le
582 3813 685 3873 Princo
708 3814 875 3875 De'mfitrius
898 3816 976 3894 (Υἱός
995 3817 1172 3892 πρωτότοκος
1186 3825 1234 3871 τού
1257 3821 1318 3890 περὶ
1337 3817 1371 3870 ού
1388 3816 1516 3891 άνωτέρω
1530 3815 1704 3889 ἐμνήσθημεν
1727 3816 1791 3870 Μα-

539 3909 626 3976 νοοήλ
637 3916 683 3966 καὶ
702 3911 839 3988 Ἀργυρῆς
853 3921 900 3978 τῆς
915 3915 1037 3989 συζύγου
1056 3915 1151 3968 αὐτού.
1172 3913 1324 3989 Ἐγεννήθη
1334 3918 1381 3969 καί
1395 3913 1487 3988 οὗτος,
1502 3916 1538 3976 ὡς
1553 3909 1670 3974 άπαντες
1689 3909 1791 3990 σχεδόν

539 4012 565 4061 οἱ
585 4016 757 4085 προπάτορες
785 4010 882 4078 αύτού,
906 4012 934 4065 ἐν
954 4013 1035 4082 τῷέν
1054 4012 1120 4083 Χίῳ
1138 4006 1363 4084 Ῥοδοκανακείερ
1381 4012 1479 4088 πύργῳ
1502 4013 1551 4077 τήν
1570 4010 1677 4087 πρωίαν
1703 4006 1791 4076 τής3

539 4097 709 4176 Δεκεμόρίυυ
729 4114 778 4159 τού
803 4101 890 4161 4747.
911 4103 1084 4182 Ἐνυμρεύθη
1108 4106 1168 4160 ἐκεῖ
1192 4106 1259 4181 τρίς,
1287 4107 1336 4171 τήν
1361 4105 1378 4164 4
1400 4099 1558 4181 Νοεμόρίου
1576 4114 1625 4159 τοῦ
1647 4101 1724 4162 4770
1739 4105 1791 4168 τήν

538 4193 699 4272 Κορνηλίαν
719 4193 903 4264 Δαλασσηνήν
919 4199 1057 4264 νεωτάτην
1077 4198 1212 4275 θυγατέρα
1231 4208 1280 4253 τού
1303 4200 1462 4272 Σταματίου
1482 4195 1664 4262 ύαλασσηνού
1678 4200 1725 4251 καί
1740 4204 1787 4260 τής

539 4292 718 4367 Μαργαρίτας
738 4293 974 4368 Πετροκοκκίνου,
996 4293 1046 4358 τήν
1066 4290 1102 4351 42
1124 4291 1218 4349 Μαΐου
1241 4303 1291 4348 τού
1321 4291 1393 4351 4794
1415 4294 1466 4358 τήν
1488 4287 1658 4366 Ἀγγελεκήν
1677 4289 1790 4363 Βοίρου

538 4387 717 4461 πρωτότοκον
737 4386 871 4463 θυγατέρα
899 4397 949 4442 τοῦ
963 4387 1073 4464 Πέτρου
1097 4387 1204 4464 Βούρου
1223 4393 1332 4453 καὶτῆς
1351 4388 1488 4465 Ἀργυρής
1506 4382 1615 4452 Ῥάλλη
1638 4390 1685 4441 καί
1700 4388 1748 4451 τήν
1769 4385 1789 4444 9

538 4479 699 4560 Νοεμόρίου
718 4495 768 4540 τού
788 4486 866 4545 4798
884 4488 934 4551 τήν
953 4487 1095 4561 Μαρείταν
1114 4483 1248 4543 Μαλλέαν
1267 4488 1444 4564 πρωτότοκον
1470 4485 1606 4560 θυγατέρα
1624 4493 1675 4539 τού
1688 4485 1784 4557 κόμη-

536 4601 583 4643 τος
608 4577 753 4638 Νικολάου
771 4578 891 4639 Μαλλέα
915 4585 962 4637 καί
984 4591 1032 4646 τῆς
1046 4579 1165 4646 Ἰουλίας
1184 4585 1298 4660 Τζίρου,
1312 4585 1344 4639 ἐκ
1358 4592 1405 4648 τῆς
1419 4584 1517 4644 ὁποίας
1532 4583 1661 4657 έγέννησε
1676 4583 1725 4646 τήν
1746 4581 1780 4641 44

536 4677 630 4732 Μαίου
645 4687 694 4731 τοῦ
710 4676 787 4737 4842
806 4679 853 4732 τόν
868 4679 935 4751 έμόν
953 4678 1070 4752 πατέρα,
1088 4675 1211 4756 κεραλήν
1226 4676 1279 4746 ήδη
1294 4677 1361 4734 ὄντα
1374 4689 1427 4734 τού
1438 4675 1673 4735 Ῥοδοκανακείοο
1686 4679 1787 4735 Οίκου·

534 4770 717 4838 Ἐτελεύτησε
728 4775 777 4839 τήν
787 4766 820 4831 84
841 4775 967 4849 Μαρτίου
981 4783 1032 4828 τού
1047 4772 1098 4832 484
1107 4773 1134 4845 4,
1153 4774 1226 4848 θύμα
1244 4776 1392 4850 γενόμενος
1411 4776 1512 4830 ἐκτῶν
1529 4775 1646 4850 πρώτων
1660 4781 1708 4838 τής
1720 4775 1784 4827 τότε

534 4871 563 4926 έν
586 4873 652 4944 Χίῳ
673 4873 849 4945 ίνσκηψάαης
880 4869 1037 4942 πανὼλους,
1056 4872 1173 4949 εὐτυχής
1196 4875 1233 4934 ὡς
1261 4875 1300 4947 μή
1319 4869 1383 4928 ίδὼν
1401 4875 1451 4940 τήν
1471 4872 1671 4950 ἀποκεράλισιν
1686 4880 1734 4925 τού
1754 4872 1787 4924 ἐν

533 4958 828 5024 Χωνσταντινουπόλει
847 4970 884 5030 ὡς
903 4969 1012 5045 όμήρου
1031 4970 1103 5024 κατά
1121 4973 1153 5024 τό
1166 4967 1243 5029 4888
1254 4971 1309 5024 ύπό
1323 4978 1379 5024 τῶν
1393 4969 1471 5028 Χίων
1487 4964 1633 5030 σταλέντος
1652 4965 1787 5040 νεωτέρου

533 5048 652 5143 Ισίδελρού
667 5067 752 5121 αύτού
771 5063 913 5137 Παντελή,
927 5069 978 5132 τήν
991 5070 1184 5145 καταστροφήν
1198 5075 1246 5132 τής
1260 5063 1446 5146 περιλημίνης
1458 5067 1543 5122 αύτού
1561 5060 1700 5141 πατρίδος,
1715 5063 1786 5139 ὑπὲρ

533 5171 581 5228 τῆς
600 5158 845 5239 άπελευθερώσεως
864 5173 912 5230 της
926 5165 1023 5226 ὁποίας
1038 5172 1171 5218 τοσοῦτον
1187 5163 1338 5241 έμόχθησε,
1356 5167 1403 5219 καί
1418 5165 1468 5229 τήν
1483 5161 1666 5236 ἀπάνθρωπον
1676 5160 1785 5238 σραγήν

535 5254 694 5341 όλοκλήρου
716 5254 816 5336 σχεδὸν
834 5270 883 5315 τοῦ
903 5261 992 5318 Οίκου
1014 5256 1114 5336 αὑτοῦ)
1142 5257 1364 5320 Ῑίίὶοάοεαηαλίε
1383 5258 1420 5318 de
1440 5257 1511 5318 Chio
1537 5256 1600 5333 (Ἐν
1619 5251 1677 5313 σιλ.
1702 5251 1785 5329 4944·

535 5351 731 5430 Amsterdam,
747 5354 834 5431 4845,
845 5359 881 5423 ιῑς
898 5356 958 5418 λον.
973 5352 1120 5417 Theodori
1130 5351 1188 5431 (βλ.
1199 5353 1256 5425 σελ.
1270 5354 1339 5435 434)
1359 5350 1613 5417 Μεοόοεευοίίόίε
1627 5349 1784 5430 Principis,
