4626 6728
888 1051 1062 1109 ΛΕΟΝΤΟΣ
1077 1051 1271 1108 ΑΛΛΑΤΙΟΥ
1288 1052 1422 1109 ΕΔΛΑΣ,

782 1280 879 1336 Γαῖαν
893 1264 923 1337 τ’
937 1271 988 1336 ίπι
1013 1268 1046 1346 ὃς
1062 1272 1125 1336 ίησι
1144 1272 1324 1360 τρίλλιστον
1343 1272 1445 1337 ποτὸν

780 1375 927 1467 Ῥοδανός,
947 1385 1075 1477 ῥεέθροις
1095 1385 1244 1462 ἀσπέτοις
1264 1386 1435 1479 κυκώμενοι

779 1503 896 1593 Αὔχαις
911 1511 1043 1591 κομῶσι,
1064 1511 1165 1593 γαῦροι
1182 1495 1212 1567 τ’
1224 1501 1420 1594 ὠρρυωμένοι

779 1620 868 1694 Δίνας
885 1618 1034 1709 μελαίνας
1051 1619 1184 1708 Γάγγεω
1204 1620 1302 1682 πολὺν
1316 1619 1431 1709 γέλων,

778 1721 884 1824 ίστρον
904 1733 1060 1814 κελαινόν,
1080 1730 1099 1805 ἢ
1119 1743 1319 1823 Συρηγεννοῦς
1336 1737 1471 1814 πλάτος,

778 1853 890 1917 Νείλου
909 1842 940 1915 τ’
958 1849 1089 1940 ἄναυρον
1107 1839 1215 1940 οἶδμα,
1235 1850 1289 1914 καὶ
1309 1851 1515 1943 πολίσταχυν

777 1947 808 2031 1‘1
826 1956 855 2030 δ’
871 1958 929 2032 εἴτ’
945 1958 994 2030 ἔπ’
1005 1963 1114 2038 ἄλλοις
1136 1964 1234 2040 ἄλλος
1254 1965 1358 2056 εὔχεαι
1374 1981 1487 2057 φρονεῖ,

777 2091 958 2163 Ποιοῦνται,
977 2071 1050 2146 οὐδὲ
1069 2079 1175 2172 μικρὸν
1190 2082 1329 2147 ἅπτεται
1342 2083 1454 2174 σρέων.

778 2198 841 2261 Καὶ
857 2186 898 2267 δὴ
912 2195 971 2287 γὰρ
988 2197 1019 2260 ἐν
1038 2194 1184 2266 στήθεσσι
1206 2196 1368 2288 θεοπρεπεῖ
1386 2198 1461 2289 κέαρ

778 2314 890 2390 Οίκῆος
910 2304 985 2378 ὠδῑν
1003 2314 1081 2404 ὄρνιν
1098 2313 1198 2380 ἐλθεῖν
1217 2294 1333 2398 δεξιόν,

777 2441 877 2524 Κῦρον
897 2424 925 2498 θ’
937 2422 1070 2521 ὑπάρξαι
1084 2441 1180 2522 σφῶϊν
1199 2432 1340 2522 ἀφθόνων
1359 2439 1477 2516 καλῶν,

779 2556 936 2640 Ποταμῶν
955 2540 983 2614 θ’
996 2546 1069 2639 ὑπὲρ
1089 2547 1196 2612 ἄλλων
1215 2549 1336 2639 τιμίους
1356 2549 1557 2617 καθεστάναι.

826 2664 890 2729 Καὶ
909 2671 1015 2729 ταῦτα
1029 2660 1135 2753 μέντοι
1153 2676 1310 2753 συγγενεῖς
1327 2689 1376 2745 τε,
1395 2668 1448 2730 καί
1468 2667 1564 2756 ρίλοι.

778 2781 814 2847 Τί
832 2770 862 2845 δ’
873 2779 924 2856 οθς
942 2779 1074 2871 ὅμαιμος
1093 2779 1150 2845 οὐκ
1168 2771 1339 2870 ἀναγκάζει
1365 2784 1450 2872 ρίσις
1468 2807 1477 2863 ;

777 2897 813 2961 Ti
828 2886 858 2961 δ’
871 2895 901 2963 οἱ
914 2896 1020 2987 γένους
1033 2886 1213 2989 σίνδεσμον,
1233 2893 1252 2968 ἢ
1273 2899 1377 2988 φιλίας
1397 2899 1510 2990 νόμους

776 3004 932 3078 Πάντεσσ’
950 3011 1111 3105 ἀγαστοὺς
1129 3012 1247 3103 ἀχρεῶς
1263 3012 1448 3078 ἀπέπτυσαν
1464 3038 1473 3095 ;

777 3118 907 3199 Γηθοῦσ’
926 3126 973 3192 ἔτι
990 3131 1124 3216 μᾶλλον·
1143 3129 1196 3192 καὶ
1221 3127 1280 3220 γὰρ
1307 3127 1520 3219 ὦρολησίμους

775 3242 892 3317 Τόκους
908 3252 1022 3322 νοοῦσι,
1042 3241 1095 3307 καί
1110 3266 1142 3309 τι
1163 3252 1360 3332 προμνῶνται
1379 3243 1472 3334 μέγα.

774 3368 825 3439 Τῷ
839 3349 874 3424 δέ
890 3357 1024 3449 γεγηθὸς
1038 3348 1170 3449 δάκρυον
1185 3364 1308 3447 γληνῷν
1323 3358 1386 3423 ἄπο

774 3472 943 3552 Βαλίντες,
963 3473 1140 3563 ἐγκονοῦσιν
1161 3471 1268 3537 αἰόλον
1287 3460 1397 3562 δέμας,

773 3588 911 3670 Κέλτης,
931 3587 1059 3669 Σκίθης,
1073 3586 1240 3679 Γερμανές,
1258 3584 1379 3675 Αἰθίοψ,
1401 3569 1499 3678 Ἰίημ

773 3689 878 3778 έλλης
898 3695 953 3767 ἀπ’
965 3704 1033 3778 αἴης
1051 3691 1259 3793 ἡμεροδρόμος
1280 3700 1412 3792 τρέχων,

773 3819 893 3913 Δοίριυν,
909 3809 1073 3911 δέμμοισιν
1092 3819 1156 3900 ὅ,τι
1171 3817 1384 3909 τιμηέστατον

772 3948 896 4020 Κεῑται,
917 3947 1032 4028 νεογνῷ
1056 3938 1187 4027 κοιράνῳ
1214 3925 1409 4027 δωρούμενοι.

822 4057 878 4127 Τίη
899 4046 967 4120 τόδ’
979 4056 1063 4120 ἐστίν
1081 4077 1090 4135 ;
1111 4048 1158 4144 ἆρ’
1173 4054 1328 4144 ἐτήτυμον
1349 4053 1455 4137 βλέπω
1470 4078 1478 4133 ;

773 4156 801 4235 fi
819 4168 900 4258 ὄψις,
921 4165 945 4234 ὣ
962 4169 1131 4260 πρόσχημα
1147 4169 1309 4260 φιλτάτων
1330 4171 1407 4260 ἐμοί.

773 4269 801 4349 h
819 4282 1053 4364 τῶνὰπάντων,
1073 4279 1115 4348 ὧν
1132 4283 1393 4375 προσαθρησάμην
1409 4286 1488 4350 ποτὲ

774 4401 949 4492 Θεαμιίτων
964 4402 1135 4467 κάλλιστον
1152 4402 1183 4465 ἐν
1203 4410 1299 4491 καιρῷ
1317 4400 1420 4489 ρανέν.

775 4502 852 4605 ὄψει
877 4530 1021 4607 προσηνεῖ
1040 4517 1150 4606 σεμνὸν
1170 4514 1317 4606 ἐμπρέπει
1335 4515 1442 4593 σέλας,

776 4626 865 4701 Αίδοῑ
881 4629 1021 4724 προσῆψε
1039 4632 1152 4722 γοργδν
1171 4630 1335 4722 ὀφθαλμοῦ
1350 4633 1458 4722 ροριίν,

775 4748 973 4841 Κινουμένοις
984 4771 1021 4813 τε
1038 4748 1148 4812 ποσσίν
1166 4747 1294 4836 ἀσφαλῆ
1314 4747 1416 4830 βάσιν,

776 4856 950 4957 θλεοτέραν
962 4888 999 4930 τε
1016 4865 1102 4955 χερσί
1116 4863 1284 4956 χρωμένοις
1303 4853 1401 4943 δόσιν,

775 4981 953 5075 Τηλαυγέσι
968 4980 1130 5072 στέρεσσιν
1149 4973 1365 5072 ἐξεστεμμένα..

775 5099 883 5176 Μέλας
901 5102 1030 5188 χαλᾶτο
1046 5095 1164 5173 πέπλος
1179 5095 1252 5186 ἄχρι
1268 5097 1323 5160 καί
1342 5086 1459 5177 ποδῶν,

775 5214 887 5280 Καλὸν
906 5223 1039 5303 ραεινοῖς
1058 5211 1238 5303 πτύγμασιν
1252 5211 1395 5302 κρύπτων
1414 5200 1525 5301 δέμας,

778 5316 828 5410 έλᾳ
841 5327 991 5418 προμήκει
1005 5316 1035 5392 δ’
1046 5324 1241 5405 ίιιτανυσθεὶς
1258 5326 1289 5392 ἐν
1307 5325 1409 5416 χθονί,
