4626 6728
762 1071 893 1136 morus
916 1068 1233 1135 Ambrussum.

612 1266 835 1361 Vulneribus,
854 1279 889 1341 et
905 1292 992 1364 quas
1011 1279 1092 1341 ante
1112 1268 1275 1340 collectas
1293 1287 1387 1363 opes,

609 1382 844 1479 Formamqne
863 1384 1048 1475 habebam,
1069 1383 1223 1480 perdidi3
1250 1382 1409 1456 orbatum
1428 1397 1532 1479 caput

544 1555 547 1561 .
608 1499 743 1571 Deoore
761 1499 925 1594 squallet,
948 1499 1039 1572 victa
1059 1497 1211 1572 violenta
1231 1520 1337 1569 manu

609 1615 786 1710 Artusque
802 1616 929 1708 lacera,
945 1639 1037 1688 nunc
1056 1615 1147 1688 mald
1162 1615 1326 1687 absumor
1342 1613 1456 1686 malis.

610 1730 821 1823 Miseranda,
840 1732 901 1804 sed
920 1732 1072 1805 ferenda.
1093 1733 1178 1818 Quae
1197 1730 1345 1804 immisit
1361 1732 1453 1803 Deus

610 1847 805 1921 Toleranda
822 1849 958 1944 placido
977 1849 1080 1922 facile
1106 1860 1187 1921 sunt
1206 1849 1306 1920 vultu
1329 1849 1431 1920 mala.

611 1965 693 2035 Post
712 1965 814 2037 caedis
833 1966 959 2039 avidus
979 1978 1018 2038 ut
1037 1969 1122 2056 Leo,
1142 1976 1203 2038 aut
1223 1988 1334 2036 saevus
1353 1966 1479 2053 Draco,

611 2071 807 2172 bloniusve,
827 2080 987 2176 cujusne
1006 2081 1146 2176 quidem
1166 2103 1292 2152 nomen
1311 2080 1410 2153 decet

611 2192 758 2285 Vocare,
777 2217 916 2289 porcus,
934 2205 974 2267 ut
993 2195 1060 2266 sibi
1076 2194 1227 2289 patrium
1243 2193 1358 2267 trabat

610 2309 665 2385 Ex
684 2312 800 2405 Agare
816 2334 955 2400 nomen,
975 2311 1100 2406 Caspia
1118 2312 1248 2406 ejectus
1262 2311 1377 2406 plaga,

611 2427 842 2522 Scythicoque
861 2450 990 2519 eremo,
1011 2425 1131 2521 siqua
1155 2428 1211 2499 vel
1232 2427 1329 2499 sedes
1349 2427 1458 2523 magis

611 2543 754 2639 Letalis,
767 2542 853 2614 istos
873 2541 931 2614 lric
950 2541 1037 2615 milri
1057 2542 1159 2614 loetus
1174 2542 1279 2636 parit,

533 2666 535 2671 ’
610 2660 810 2755 Nutritqne,
829 2683 951 2754 repens
971 2670 1005 2731 et
1022 2683 1084 2754 per
1101 2659 1249 2732 incultas
1269 2660 1343 2733 rias

611 2776 650 2847 ln
670 2785 774 2866 tecta,
793 2786 828 2847 et
848 2798 934 2847 arra
959 2785 1077 2847 nostra
1102 2774 1284 2866 loecundis,
1310 2785 1385 2846 sata

611 2889 807 2984 segetibus,
828 2899 905 2961 atro
925 2888 1093 2982 sanguine
1111 2887 1278 2978 imbutus,
1301 2888 1421 2984 pedem

611 3005 719 3101 Figit,
739 3004 944 3101 thronisqne
964 3005 1162 3100 Principum
1177 3005 1320 3096 eversis,
1342 3004 1432 3099 rapit

611 3122 740 3217 Regale
758 3132 933 3217 sceptrum
954 3122 1118 3218 perfidus,
1134 3133 1168 3194 et
1188 3145 1312 3217 expers
1330 3122 1408 3213 Dei,

610 3239 783 3334 lnjustus3
800 3262 905 3334 opere
923 3238 1051 3335 qnippe
1070 3241 1259 3334 sanguineo
1279 3249 1430 3329 tumens,

610 3355 809 3452 Ridensque
828 3356 953 3450 gladiis
977 3357 1104 3452 gaudet
1120 3356 1326 3432 homicidis:
1353 3379 1456 3429 cruor

610 3471 825 3562 blortalinm,
840 3481 876 3543 et
893 3495 987 3544 mors
1003 3472 1078 3543 sola
1092 3471 1149 3545 oui
1164 3483 1284 3545 nectar
1302 3471 1405 3566 sapit,

609 3587 827 3681 Carnemque
848 3583 978 3681 sapidis
999 3586 1073 3681 ipse
1093 3585 1262 3681 praeponit
1281 3585 1379 3657 cibis.

607 3706 681 3776 Nec
701 3703 921 3798 praepotentis
940 3703 1001 3775 hic
1016 3702 1081 3774 Dei
1100 3716 1199 3775 curat
1217 3726 1371 3797 manum,

608 3823 681 3893 Nec
696 3820 933 3892 imminentem
950 3819 1062 3914 capite
1081 3819 1270 3892 vindictam
1291 3820 1420 3911 tremit,

608 3934 675 4005 Sed
695 3933 868 4005 concitato
886 3932 1005 4027 praelio
1019 3932 1056 4004 iu
1074 3932 1210 4027 plebem
1229 3933 1323 4028 piam
1384 3961 1387 3968 ·

606 4048 775 4121 lnimicus
796 4071 949 4140 omnem,
968 4048 1057 4143 prob
1077 4047 1197 4122 dolori
1217 4047 1350 4120 cultum
1368 4058 1516 4123 amovet.

607 4168 638 4239 Ο
659 4166 897 4240 maximorum
917 4190 1060 4239 casuum
1080 4166 1349 4262 gravissimum!

606 4284 638 4355 Ο
653 4282 830 4355 turbinem
848 4282 1018 4356 miseriael
1045 4282 1305 4376 broragiueml

606 4400 738 4474 Audire
754 4399 894 4489 durum,
914 4399 1054 4495 granius
1073 4399 1241 4494 aspicere,
1262 4410 1311 4475 at.
1323 4401 1395 4494 pati

606 4514 853 4589 Miserrimum.
867 4515 1035 4610 Suprema
1054 4525 1088 4586 te
1101 4514 1256 4586 obtestor
1270 4513 1336 4586 Dei

607 4630 756 4723 lustitia,
771 4653 858 4725 qnos
878 4629 1050 4725 prolabor
1068 4640 1129 4701 aut
1147 4628 1271 4702 addam
1286 4627 1417 4701 sonos?

607 4747 760 4820 Turbam
785 4747 958 4820 malorum
982 4746 1080 4819 mille
1095 4746 1177 4818 dum
1197 4746 1287 4842 lugi,
1303 4745 1406 4817 malis

606 4865 791 4937 Veteribus
811 4864 905 4938 addit
919 4865 1020 4957 alter,
1039 4875 1074 4937 et
1097 4875 1250 4936 mentem
1269 4863 1406 4959 premit.

656 4980 759 5072 Quis,
782 4982 876 5077 quis,
895 4980 1060 5076 profundi
1080 4980 1218 5077 gurgite
1231 4980 1371 5054 inverso
1392 4981 1497 5053 maris

607 5096 755 5193 Rapacis
771 5097 855 5170 Euri
874 5096 1025 5189 turbine,
1043 5109 1106 5169 aut
1123 5095 1242 5193 gravis
1261 5094 1360 5187 Noti,

607 5213 753 5299 Quando
772 5211 936 5308 inquietis
955 5235 1096 5308 equora
1109 5222 1144 5284 et
1162 5212 1378 5308 ripasagnnt

607 5330 778 5426 Flatibus,
797 5353 919 5408 menes
940 5341 1113 5424 numerat,
1132 5341 1192 5405 aut
1210 5330 1337 5406 lluctns
1355 5325 1530 5404 nimum?
