4626 6728
752 1080 883 1143 LEONlS
902 1080 1217 1144 daemunculus:
1572 1088 1609 1146 89

618 1277 759 1350 Diluria
777 1291 906 1370 mente,
925 1303 988 1352 nec
1006 1279 1228 1374 repulsandas
1247 1280 1354 1370 laces,

617 1393 663 1465 Et
681 1396 833 1467 universi
847 1397 982 1490 generis
1002 1397 1148 1468 exitium
1163 1407 1272 1491 parat.
1332 1454 1351 1462 ..

618 1510 869 1605 Dementinqne
888 1511 1112 1584 labefactatus
1132 1512 1239 1603 venit,

618 1627 662 1697 Iit
673 1627 780 1698 cruda
800 1627 933 1709 cunctis
952 1628 1023 1699 fata
1049 1629 1245 1723 caedemque
1264 1629 1407 1702 invehit.

666 1741 934 1836 viventiumque
952 1754 1237 1836 mortuorumque
1257 1743 1365 1838 impio

618 1857 726 1929 Ferus
745 1858 976 1944 innocentem,
1003 1860 1145 1950 scelere,
1161 1871 1321 1930 naturam
1340 1861 1481 1951 excidit,

618 1973 785 2069 AEquarit
805 1973 886 2044 imis
904 1998 1052 2065 summa,
1073 1974 1261 2067 adaequatis
1278 1974 1387 2068 jugis,

606 2089 804 2184 -Rimasque
822 2091 956 2163 fodiens
972 2091 1092 2164 subtus
1110 2115 1256 2162 excusso
1274 2092 1348 2161 solo

617 2208 653 2276 ln
674 2208 783 2278 maria
804 2221 912 2278 terras
932 2208 1047 2298 vertit,
1064 2209 1100 2278 in
1119 2221 1228 2279 terras
1244 2231 1348 2279 mare.

610 2323 785 2416 -Siccoque
803 2325 900 2394 fonte
925 2325 1068 2396 tlumina
1087 2324 1230 2396 arefecit
1246 2347 1336 2396 novo

615 2441 762 2510 Tumere
778 2465 788 2524 ;
805 2440 954 2512 mendax
980 2441 1097 2511 sabula
1116 2440 1208 2511 haud
1227 2441 1335 2535 repsit
1351 2440 1504 2534 quidem,

566 2603 576 2623 .
614 2560 755 2629 Xerxen
772 2557 865 2629 idem
884 2558 1047 2644 voluisse,
1063 2582 1141 2629 cum
1157 2558 1283 2630 finibus
1298 2558 1384 2630 meis

594 2731 595 2734 ,
615 2674 711 2745 blille
730 2685 764 2745 et
780 2675 953 2769 pedestres
972 2675 1104 2770 copias,
1124 2675 1219 2746 mille
1241 2692 1276 2747 et
1293 2685 1384 2747 rates

576 2860 580 2867 ,
615 2790 778 2874 lnvexit;
803 2789 906 2860 urbes
931 2789 991 2860 ille
1010 2789 1111 2860 lactis
1137 2789 1283 2884 inclytas

614 2907 736 2994 Hasta,
753 2913 786 2976 et
803 2904 922 2974 favilla
942 2903 1156 2976 devoratrice
1182 2903 1312 2995 obruit,

614 3020 733 3090 Pinnis
756 3021 917 3110 revulsis,
943 3032 1047 3114 atque
1066 3032 1235 3093 tectorum
1251 3021 1408 3092 omnium

614 3136 800 3230 Locuplete
818 3134 972 3225 cumulo,
998 3134 1158 3205 domibus
1172 3160 1217 3206 ex
1236 3135 1307 3207 ima
1325 3134 1432 3206 erutis

614 3254 755 3343 Radice,
772 3251 956 3322 demolitus
975 3274 1145 3323 annorum
1165 3252 1263 3346 gravi

613 3374 745 3442 Intacta
763 3368 859 3439 senio
879 3368 1021 3461 templa,
1041 3367 1176 3438 divinas
1194 3390 1289 3462 opes,

612 3486 716 3557 lussit
732 3483 848 3579 rapaci
863 3483 1015 3554 militum
1033 3481 1163 3553 auferri
1179 3505 1297 3553 manu.
1346 3544 1349 3549 .
1375 3524 1380 3533 ·

613 3601 748 3687 Quibus
766 3600 926 3695 jacebant
945 3621 1025 3669 ossa
1040 3620 1247 3692 magnorum
1263 3599 1411 3688 Ducum,

614 3717 760 3813 Aperuit
783 3740 897 3806 urnas,
918 3715 955 3785 in
970 3715 1179 3810 sepulchrali
1194 3738 1310 3786 sacros

615 3837 755 3904 Honore
771 3856 889 3904 manes
907 3831 1017 3902 saeviit
1036 3832 1133 3901 nullo
1154 3843 1259 3905 metu.

613 3952 700 4023 Auri
717 3952 845 4022 talenta
864 3949 974 4021 multa
994 3950 1181 4042 vestigans,
1201 3949 1320 4038 stolas,

612 4071 657 4141 Et
676 4068 751 4141 vela
771 4067 912 4162 reperit,
931 4078 1194 4161 temporumque
1213 4064 1390 4160 reliquias,

612 4184 777 4256 Ludibria
792 4183 905 4256 ventis
921 4182 1071 4276 publica,
1094 4182 1236 4253 ellossas
1256 4181 1359 4252 dedit.

621 4340 625 4349 v
660 4301 811 4373 Feritato
832 4301 868 4370 in
887 4300 962 4395 ipsa
982 4300 1121 4394 gravior
1136 4299 1294 4371 accendit
1311 4299 1405 4370 faces

610 4417 759 4504 Invidia,
777 4439 877 4487 casus
895 4426 1011 4487 mente
1030 4413 1148 4486 furiali
1166 4437 1287 4504 novos,

611 4535 732 4628 lniqun
753 4544 787 4604 et
803 4545 876 4603 arte
893 4531 1045 4625 cogitat3
1065 4554 1213 4625 namque
1233 4529 1379 4619 artibus,

609 4649 744 4735 Quibus
761 4648 964 4720 excolebam
984 4648 1119 4742 generis
1135 4647 1279 4737 hnmani
1298 4646 1388 4717 feras

608 4765 770 4837 Miserata
791 4777 936 4854 mentes,
956 4787 1019 4855 ceu
1037 4764 1150 4855 malis,
1171 4764 1300 4841 mundo
1318 4761 1440 4856 procul

607 4883 731 4954 Valere
751 4883 870 4977 jussis,
891 4881 1055 4972 indolem,
1075 4893 1110 4952 et
1128 4903 1241 4951 mores
1258 4879 1363 4950 miser

607 5000 840 5094 Sapientiores
858 4997 1023 5070 belluinis
1042 4997 1166 5069 ritibus

606 5115 766 5185 lmmutat
780 5146 788 5188 :
804 5125 838 5184 et
850 5113 920 5206 quo
946 5112 1056 5181 multa
1070 5109 1223 5181 breviori
1239 5108 1410 5203 explicem

603 5233 782 5321 Sermone,
802 5229 953 5326 prudens
972 5229 1092 5322 lingua
1108 5225 1268 5299 consultb
1281 5238 1385 5320 tacet,

604 5348 772 5444 Donaque
786 5369 940 5435 mearum
957 5356 1054 5441 grata
1075 5345 1259 5431 ldnsnrum·
1270 5354 1397 5438 tepent.
