4644 6758
727 1051 770 1115 22
1135 1047 1314 1110 ΛΕΟΝΤΟΣ
1338 1046 1535 1106 arbaston

722 1259 760 1326 τὸ
788 1261 891 1350 τρίτον
912 1256 949 1322 τὸ
976 1278 989 1311 (ι
1007 1255 1047 1334 εἰς
1066 1256 1135 1339 τὰς,
1154 1268 1211 1333 τῆς
1229 1254 1585 1329 Κωνοταντινουπόλοως
1605 1255 1655 1320 ἐπὶ
1675 1242 1752 1333 oldris
1768 1250 1962 1343 πεφημισμέ-

722 1398 775 1450 νας
795 1385 967 1466 γυναῖκας»
985 1360 1037 1435 brai
1052 1381 1126 1452 τῶν,

960 1516 1072 1590 Θάρσει,
1087 1509 1181 1588 pudica
1196 1506 1299 1588 τάρὸει,
1315 1513 1417 1573 ἄκοιτις
1432 1512 1520 1566 ἔειπεν
1534 1511 1654 1584 ὁμεὺνῳ,

960 1609 1028 1667 Εὖτ’
1038 1611 1071 1664 ἂν
1082 1605 1235 1674 ἀναιδήτων
1249 1606 1322 1682 βαῖν’
1338 1607 1459 1662 ἀέκουσα
1473 1609 1577 1673 τρόπιν·

961 1709 1051 1767 Αίνῶς
1065 1707 1117 1781 γὰρ
1127 1701 1241 1780 κραδίην
1257 1701 1394 1779 ζηλήμονι
1404 1705 1505 1769 τήκετο
1519 1714 1614 1779 πυρσῷ

961 1801 1056 1874 Beroe,
1075 1803 1103 1856 έν
1118 1797 1269 1876 ἀλλοτρίων
1283 1803 1362 1877 χερσί
1372 1795 1497 1875 δάμαρτα
1512 1795 1586 1852 λάων

1113 1891 1206 1966 aab,
1247 1891 1341 1966 κ.τ.λ.,
1381 1891 1464 1950 ιι.τ.λ.

723 2055 761 2120 τί)
783 2055 947 2146 τέταρτον,
975 2053 1012 2118 τὸ
1039 2053 1193 2145 πέμπτον,
1220 2054 1273 2118 καὶ
1292 2051 1330 2117 τὸ
1349 2052 1453 2134 ἕκτον,
1475 2053 1509 2118 ἐκ
1528 2042 1583 2117 lto
1610 2055 1727 2144 στίχων
1755 2053 1900 2136 ἕκαστον,
1931 2055 1966 2121 ἄ·

725 2199 829 2239 παντα
852 2194 865 2227 (ι
890 2172 930 2250 εἰς
946 2163 1045 2236 'adde
1062 2152 1219 2265 Ἀγγελον
1239 2172 1406 2261 Γρύλλου»
1432 2161 1483 2234 διὰ
1503 2180 1577 2251 τῶν,

962 2329 1054 2393 Κῦδος
1069 2332 1116 2397 έην
1131 2332 1259 2386 τεκέεσιν·
1271 2333 1334 2404 ἐμοὶ
1349 2327 1508 2393 Βενέδικτος
1523 2333 1551 2386 έν
1566 2331 1650 2407 ἀρχῇ,

914 2449 923 2466 ·
960 2428 1015 2486 Καὶ
1031 2437 1077 2482 νῦν
1091 2423 1214 2504 γηραλέῃ
1228 2422 1436 2502 Ἀγγελοςαίιρῦ
1451 2423 1541 2489 κλέος.

961 2658 1067 2720 Πένθος
1082 2660 1137 2733 ἐγὼ
1152 2656 1216 2712 πότ’
1226 2652 1312 2712 ἔολπα
1328 2657 1391 2711 νόον
1406 2659 1473 2732 πρὸς
1487 2657 1573 2733 γήθυα
1583 2656 1680 2733 τρέψαι

963 2751 1088 2831 Γρύλλου
1104 2751 1128 2807 δ’
1138 2754 1288 2830 οἰχομένου
1299 2752 1396 2828 γήθους
1411 2749 1486 2814 ἐλπίς
1500 2749 1555 2807 έδΰ.

960 2984 1099 3056 Ἀσμασιν
1108 2977 1158 3047 ἡδὺ
1174 2982 1319 3057 κέρασσαν·
1338 2979 1430 3056 ὄνειρα
1440 2980 1483 3058 ἐρ’
1493 2976 1554 3044 ἡδέι·
1565 2978 1674 3039 πολλοί.

960 3080 1077 3155 Χρείην,
1093 3074 1153 3142 ἡδύ,
1168 3071 1248 3138 σέὸας
1268 3072 1391 3151 Γρύλλος
1406 3073 1502 3139 έκλαξε
1517 3078 1609 3152 μόνος.
1723 3136 1724 3141 ¹

771 3312 826 3383 Ἐκ
862 3329 917 3383 τοῦ
942 3315 1089 3407 ἑπομένου
1109 3317 1358 3406 ἀποσπάσματος
1378 3325 1434 3379 τοῦ
1455 3316 1521 3404 περὶ
1543 3309 1578 3378 οὗ
1610 3315 1625 3380 ὁ
1650 3315 1743 3409 λόγος
1763 3307 1917 3408 δοκιμίου,
1935 3319 1965 3384 ὁ·

725 3443 816 3521 ρᾶτοιι
833 3432 848 3496 ὁ
864 3432 935 3522 πρὸς
957 3431 997 3494 τὰ
1013 3431 1183 3522 γράμματα
1203 3429 1275 3520 ἔρως
1292 3439 1348 3493 τοῦ
1363 3423 1543 3507 'fratuelem
1556 3431 1609 3493 καὶ
1639 3429 1677 3494 τὸ
1697 3433 1793 3507 ὅντως
1808 3433 1965 3523 γλαφυρὸν

726 3548 822 3613 αὐτοῦ
841 3548 923 3638 ὅρος.

777 3771 923 3840 «Mirum
941 3769 1031 3840 enirn
1048 3778 1110 3856 est,
1123 3776 1161 3837 ut
1173 3766 1307 3837 animus
1323 3766 1365 3837 ad
1379 3791 1432 3838 res
1448 3790 1554 3840 novas
1566 3791 1699 3863 semper
1714 3771 1849 3864 gestiat,
1862 3772 1966 3842 nullis

725 3885 914 3973 laboribus,
947 3884 1051 3955 nullis
1081 3882 1307 3953 succumbens
1342 3882 1483 3976 vigiliis.
1520 3884 1598 3954 Scio
1631 3884 1734 3956 aliam
1769 3885 1966 3959 hominibus
2020 3963 2022 3967 ,

725 4000 921 4072 beatitatem
951 4011 1120 4095 paratam,
1144 4008 1178 4067 at
1197 4021 1300 4091 quam
1320 3999 1401 4073 totis
1424 3998 1604 4070 conatibus
1626 3999 1832 4072 contendere
1858 4024 1967 4072 unns-

725 4117 871 4209 quisque
906 4116 1033 4195 debet;
1063 4114 1154 4207 quod
1183 4114 1212 4181 si
1240 4113 1421 4196 nescirem,
1441 4113 1476 4182 in
1496 4113 1569 4182 sola
1590 4114 1799 4206 optimorum
1819 4115 1969 4209 scripto·

724 4257 800 4303 rum
836 4232 982 4302 lectione
998 4229 1230 4300 collocandam
1248 4249 1320 4298 esse
1340 4227 1574 4300 existimarem
1592 4260 1600 4316 3
1624 4240 1656 4298 et
1671 4228 1706 4298 in
1726 4228 1795 4299 illis
1824 4252 1967 4301 conser-

723 4347 844 4419 vandis
859 4358 1064 4439 occupatum
1077 4368 1246 4416 summam
1256 4343 1674 4415 duceremfelicitatemln
1689 4345 1815 4439 quibus
1830 4369 1968 4418 ornnem

727 4475 877 4534 nostram
905 4462 1134 4555 diligentiam,
1155 4459 1473 4552 indulgentiamque
1493 4459 1649 4530 consumi
1667 4461 1968 4558 jucundissimum,

727 4602 766 4648 ac
793 4577 1032 4669 dignissimum
1056 4585 1117 4644 est.
1151 4573 1235 4644 ltlibi
1262 4573 1343 4643 sanie
1373 4573 1488 4644 lumen
1508 4575 1604 4664 solis,
1624 4575 1710 4665 dies,
1728 4575 1867 4671 vitaque
1896 4580 1970 4674 ipsa

726 4703 826 4762 erunt
856 4692 1003 4784 ingrata,
1019 4700 1197 4775 eternam,
1225 4688 1267 4777 si,
1298 4711 1386 4781 quae
1402 4688 1526 4781 legam,
1542 4713 1609 4759 non
1626 4689 1781 4763 habeam:
1801 4694 1830 4764 si
1845 4718 1970 4768 monu-

725 4817 841 4877 menta
859 4805 1130 4876 clarissimorum
1159 4804 1313 4873 virorum
1331 4803 1540 4889 defecerint3
1566 4825 1646 4898 prae
1668 4806 1808 4878 illorum
1822 4832 1970 4903 namque

727 4921 893 5014 dignitate
936 4932 970 4993 et
998 4922 1182 5012 suavitate,
1208 4919 1364 5010 divitiae,
1390 4921 1596 5014 voluptates,
1625 4933 1658 4994 ct
1686 4923 1853 5016 quidquid
1880 4925 1970 5018 apud

727 5034 884 5107 bomines
904 5036 939 5105 in
959 5037 1070 5130 pretio
1097 5046 1161 5125 est,
1189 5035 1304 5106 sordes
1328 5046 1407 5106 sunt
1435 5049 1470 5106 et
1487 5059 1610 5131 nugae.
1638 5038 1732 5107 llaec
1752 5037 1868 5130 itaque
1881 5038 1970 5128 sitis,

727 5151 799 5221 sive
833 5150 930 5220 furor
955 5143 1071 5250 (liceat
1089 5150 1249 5245 propensi
1274 5150 1317 5221 ad
1336 5151 1452 5221 literas
1483 5151 1589 5221 animi
1617 5151 1854 5244 cupiditatem,
1882 5176 1971 5246 quae

727 5265 858 5337 nesciat
874 5267 1028 5358 modum,
1049 5268 1097 5338 ita
1117 5261 1304 5372 appellare)
1321 5268 1401 5341 dum
1421 5268 1507 5341 mibi
1521 5267 1657 5343 assidnd
1676 5287 1784 5337 novos
1811 5277 1970 5346 auctores
