<?xml version="1.0" encoding="UTF-8"?>
<!DOCTYPE html PUBLIC "-//W3C//DTD XHTML 1.0 Transitional//EN"
    "http://www.w3.org/TR/xhtml1/DTD/xhtml1-transitional.dtd">
<html xmlns="http://www.w3.org/1999/xhtml" xml:lang="en" lang="en">
 <head>
  <title>
</title>
<meta http-equiv="Content-Type" content="text/html;charset=utf-8" />
  <meta name='ocr-system' content='tesseract 3.04.00' />
  <meta name='ocr-capabilities' content='ocr_page ocr_carea ocr_par ocr_line ocrx_word'/>
</head>
<body>
  <div class='ocr_page' id='page_1' title='image "./leonisallatiihe00allagoog_0111.png"; bbox 0 0 4626 6728; ppageno 0'>
   <div class='ocr_carea' id='block_1_1' title="bbox 708 1081 1220 1148">
    <p class='ocr_par' dir='ltr' id='par_1_1' title="bbox 708 1081 1220 1148">
     <span class='ocr_line' id='line_1_1' title="bbox 708 1081 1220 1148; baseline 0.002 -3"><span class='ocrx_word' id='word_1_1' title='bbox 708 1083 856 1146; x_wconf 67' lang='lat' dir='ltr'><strong>‘Leonis</strong></span> <span class='ocrx_word' id='word_1_2' title='bbox 880 1081 1029 1146; x_wconf 71' lang='lat' dir='ltr'><strong>Attum</strong></span> <span class='ocrx_word' id='word_1_3' title='bbox 1048 1084 1194 1148; x_wconf 61' lang='lat' dir='ltr'><strong>BELLA&amp;</strong></span> <span class='ocrx_word' id='word_1_4' title='bbox 1217 1083 1220 1091; x_wconf 74' lang='grc'><strong>“</strong></span> 
     </span>
    </p>
   </div>
   <div class='ocr_carea' id='block_1_2' title="bbox 557 1280 1532 4625">
    <p class='ocr_par' dir='ltr' id='par_1_2' title="bbox 605 1280 1350 1357">
     <span class='ocr_line' id='line_1_2' title="bbox 605 1280 1350 1357; baseline 0.005 -8"><span class='ocrx_word' id='word_1_5' title='bbox 605 1280 670 1349; x_wconf 81' lang='lat' dir='ltr'><strong>llic</strong></span> <span class='ocrx_word' id='word_1_6' title='bbox 690 1280 933 1352; x_wconf 86' lang='lat' dir='ltr'><strong>stabiliendum</strong></span> <span class='ocrx_word' id='word_1_7' title='bbox 953 1293 1115 1354; x_wconf 79' lang='lat' dir='ltr'><strong>sanxerat</strong></span> <span class='ocrx_word' id='word_1_8' title='bbox 1131 1283 1257 1354; x_wconf 85' lang='lat' dir='ltr'><strong>Raetor</strong></span> <span class='ocrx_word' id='word_1_9' title='bbox 1275 1282 1350 1357; x_wconf 76' lang='lat' dir='ltr'><strong>Poli</strong></span> 
     </span>
    </p>

    <p class='ocr_par' dir='ltr' id='par_1_3' title="bbox 557 1381 1532 2184">
     <span class='ocr_line' id='line_1_3' title="bbox 557 1381 1396 1491; baseline 0.005 -29"><span class='ocrx_word' id='word_1_10' title='bbox 557 1460 562 1471; x_wconf 80' lang='grc'><em>,</em></span> <span class='ocrx_word' id='word_1_11' title='bbox 604 1394 734 1487; x_wconf 81' lang='lat' dir='ltr'><strong>Regale</strong></span> <span class='ocrx_word' id='word_1_12' title='bbox 754 1408 940 1489; x_wconf 85' lang='lat' dir='ltr'><strong>sceptrum,</strong></span> <span class='ocrx_word' id='word_1_13' title='bbox 960 1408 1153 1491; x_wconf 90' lang='lat' dir='ltr'><strong>temporum</strong></span> <span class='ocrx_word' id='word_1_14' title='bbox 1173 1381 1284 1471; x_wconf 90' lang='lat' dir='ltr'><strong>nullas</strong></span> <span class='ocrx_word' id='word_1_15' title='bbox 1304 1398 1396 1470; x_wconf 85' lang='lat' dir='ltr'><strong>vicos</strong></span> 
     </span>
     <span class='ocr_line' id='line_1_4' title="bbox 604 1509 1348 1605; baseline 0.008 -29"><span class='ocrx_word' id='word_1_16' title='bbox 604 1509 728 1579; x_wconf 86' lang='lat' dir='ltr'><strong>Subire</strong></span> <span class='ocrx_word' id='word_1_17' title='bbox 742 1509 891 1603; x_wconf 85' lang='lat' dir='ltr'><strong>jussum,</strong></span> <span class='ocrx_word' id='word_1_18' title='bbox 909 1511 997 1605; x_wconf 88' lang='lat' dir='ltr'><strong>juris</strong></span> <span class='ocrx_word' id='word_1_19' title='bbox 1017 1523 1051 1581; x_wconf 90' lang='lat' dir='ltr'><strong>et</strong></span> <span class='ocrx_word' id='word_1_20' title='bbox 1070 1535 1226 1582; x_wconf 91' lang='lat' dir='ltr'><strong>normam</strong></span> <span class='ocrx_word' id='word_1_21' title='bbox 1245 1512 1348 1601; x_wconf 83' lang='lat' dir='ltr'><strong>sacri,</strong></span> 
     </span>
     <span class='ocr_line' id='line_1_5' title="bbox 603 1626 1532 1723; baseline 0.008 -28"><span class='ocrx_word' id='word_1_22' title='bbox 603 1626 783 1718; x_wconf 86' lang='lat' dir='ltr'><strong>Sceptrum</strong></span> <span class='ocrx_word' id='word_1_23' title='bbox 806 1651 1018 1722; x_wconf 89' lang='lat' dir='ltr'><strong>supremum,</strong></span> <span class='ocrx_word' id='word_1_24' title='bbox 1038 1628 1067 1698; x_wconf 86' lang='lat' dir='ltr'><strong>si</strong></span> <span class='ocrx_word' id='word_1_25' title='bbox 1088 1629 1190 1698; x_wconf 91' lang='lat' dir='ltr'><strong>modo</strong></span> <span class='ocrx_word' id='word_1_26' title='bbox 1207 1642 1379 1723; x_wconf 80' lang='lat' dir='ltr'><strong>sceptrum</strong></span> <span class='ocrx_word' id='word_1_27' title='bbox 1401 1630 1532 1702; x_wconf 82' lang='lat' dir='ltr'><strong>PETRI</strong></span> 
     </span>
     <span class='ocr_line' id='line_1_6' title="bbox 604 1739 1336 1836; baseline 0.005 -26"><span class='ocrx_word' id='word_1_28' title='bbox 604 1739 893 1835; x_wconf 81' lang='lat' dir='ltr'><strong>Altissimumque</strong></span> <span class='ocrx_word' id='word_1_29' title='bbox 913 1743 1172 1836; x_wconf 81' lang='lat' dir='ltr'><strong>gloriosumque</strong></span> <span class='ocrx_word' id='word_1_30' title='bbox 1189 1743 1336 1832; x_wconf 59' lang='lat' dir='ltr'><strong>eximasj</strong></span> 
     </span>
     <span class='ocr_line' id='line_1_7' title="bbox 605 1856 1326 1952; baseline 0.006 -28"><span class='ocrx_word' id='word_1_31' title='bbox 605 1856 794 1949; x_wconf 76' lang='lat' dir='ltr'><strong>lngioriosb</strong></span> <span class='ocrx_word' id='word_1_32' title='bbox 814 1857 915 1952; x_wconf 91' lang='lat' dir='ltr'><strong>periit</strong></span> <span class='ocrx_word' id='word_1_33' title='bbox 931 1857 1199 1928; x_wconf 87' lang='lat' dir='ltr'><strong>absorbtumlue</strong></span> <span class='ocrx_word' id='word_1_34' title='bbox 1325 1937 1326 1940; x_wconf 8' lang='grc' dir='ltr'><strong>Ἴ</strong></span> 
     </span>
     <span class='ocr_line' id='line_1_8' title="bbox 603 1972 1357 2068; baseline 0.009 -30"><span class='ocrx_word' id='word_1_35' title='bbox 603 1972 766 2062; x_wconf 78' lang='lat' dir='ltr'><strong>vorante,</strong></span> <span class='ocrx_word' id='word_1_36' title='bbox 786 1972 920 2044; x_wconf 91' lang='lat' dir='ltr'><strong>miseris</strong></span> <span class='ocrx_word' id='word_1_37' title='bbox 941 1984 1043 2068; x_wconf 87' lang='lat' dir='ltr'><strong>atque</strong></span> <span class='ocrx_word' id='word_1_38' title='bbox 1059 1972 1207 2043; x_wconf 89' lang='lat' dir='ltr'><strong>deletum</strong></span> <span class='ocrx_word' id='word_1_39' title='bbox 1227 1972 1357 2045; x_wconf 86' lang='lat' dir='ltr'><strong>modis:</strong></span> 
     </span>
     <span class='ocr_line' id='line_1_9' title="bbox 604 2091 1387 2184; baseline 0.003 -24"><span class='ocrx_word' id='word_1_40' title='bbox 604 2091 743 2183; x_wconf 81' lang='lat' dir='ltr'><strong>Quique</strong></span> <span class='ocrx_word' id='word_1_41' title='bbox 757 2091 972 2184; x_wconf 84' lang='lat' dir='ltr'><strong>imperabant</strong></span> <span class='ocrx_word' id='word_1_42' title='bbox 987 2100 1066 2161; x_wconf 88' lang='lat' dir='ltr'><strong>ante</strong></span> <span class='ocrx_word' id='word_1_43' title='bbox 1082 2103 1250 2161; x_wconf 90' lang='lat' dir='ltr'><strong>terrarum</strong></span> <span class='ocrx_word' id='word_1_44' title='bbox 1273 2093 1387 2163; x_wconf 81' lang='lat' dir='ltr'><strong>Duces</strong></span> 
     </span>
    </p>

    <p class='ocr_par' dir='ltr' id='par_1_4' title="bbox 571 2206 1437 3349">
     <span class='ocr_line' id='line_1_10' title="bbox 575 2206 1351 2302; baseline 0.001 -26"><span class='ocrx_word' id='word_1_45' title='bbox 575 2256 580 2263; x_wconf 38' lang='grc' dir='ltr'><em>ι</em></span> <span class='ocrx_word' id='word_1_46' title='bbox 601 2208 686 2278; x_wconf 87' lang='lat' dir='ltr'><strong>Solo</strong></span> <span class='ocrx_word' id='word_1_47' title='bbox 705 2221 860 2300; x_wconf 87' lang='lat' dir='ltr'><strong>paterno,</strong></span> <span class='ocrx_word' id='word_1_48' title='bbox 877 2206 1019 2301; x_wconf 87' lang='lat' dir='ltr'><strong>laripus‚</strong></span> <span class='ocrx_word' id='word_1_49' title='bbox 1040 2218 1074 2278; x_wconf 89' lang='lat' dir='ltr'><strong>et</strong></span> <span class='ocrx_word' id='word_1_50' title='bbox 1094 2206 1197 2277; x_wconf 84' lang='lat' dir='ltr'><strong>avitis</strong></span> <span class='ocrx_word' id='word_1_51' title='bbox 1217 2209 1351 2302; x_wconf 86' lang='lat' dir='ltr'><strong>procul,</strong></span> 
     </span>
     <span class='ocr_line' id='line_1_11' title="bbox 604 2324 1351 2420; baseline 0.003 -26"><span class='ocrx_word' id='word_1_52' title='bbox 604 2325 868 2420; x_wconf 81' lang='lat' dir='ltr'><strong>lllustribusque</strong></span> <span class='ocrx_word' id='word_1_53' title='bbox 885 2337 956 2396; x_wconf 89' lang='lat' dir='ltr'><strong>tam</strong></span> <span class='ocrx_word' id='word_1_54' title='bbox 977 2324 1035 2395; x_wconf 89' lang='lat' dir='ltr'><strong>diu</strong></span> <span class='ocrx_word' id='word_1_55' title='bbox 1056 2336 1211 2396; x_wconf 82' lang='lat' dir='ltr'><strong>extorres</strong></span> <span class='ocrx_word' id='word_1_56' title='bbox 1231 2328 1351 2416; x_wconf 86' lang='lat' dir='ltr'><strong>saeris,</strong></span> 
     </span>
     <span class='ocr_line' id='line_1_12' title="bbox 604 2437 1327 2533; baseline -0.001 -24"><span class='ocrx_word' id='word_1_57' title='bbox 604 2439 731 2516; x_wconf 84' lang='lat' dir='ltr'><strong>Errare</strong></span> <span class='ocrx_word' id='word_1_58' title='bbox 752 2439 878 2510; x_wconf 89' lang='lat' dir='ltr'><strong>misero</strong></span> <span class='ocrx_word' id='word_1_59' title='bbox 896 2462 957 2532; x_wconf 91' lang='lat' dir='ltr'><strong>per</strong></span> <span class='ocrx_word' id='word_1_60' title='bbox 977 2437 1173 2532; x_wconf 84' lang='lat' dir='ltr'><strong>peregrinas</strong></span> <span class='ocrx_word' id='word_1_61' title='bbox 1197 2438 1327 2533; x_wconf 82' lang='lat' dir='ltr'><strong>plagas,</strong></span> 
     </span>
     <span class='ocr_line' id='line_1_13' title="bbox 604 2555 1436 2650; baseline 0.008 -28"><span class='ocrx_word' id='word_1_62' title='bbox 604 2558 779 2650; x_wconf 85' lang='lat' dir='ltr'><strong>vanisque</strong></span> <span class='ocrx_word' id='word_1_63' title='bbox 800 2556 887 2650; x_wconf 89' lang='lat' dir='ltr'><strong>pasti</strong></span> <span class='ocrx_word' id='word_1_64' title='bbox 904 2556 1028 2649; x_wconf 84' lang='lat' dir='ltr'><strong>spebus</strong></span> <span class='ocrx_word' id='word_1_65' title='bbox 1047 2555 1138 2626; x_wconf 88' lang='lat' dir='ltr'><strong>baud</strong></span> <span class='ocrx_word' id='word_1_66' title='bbox 1157 2579 1275 2629; x_wconf 86' lang='lat' dir='ltr'><strong>sanam</strong></span> <span class='ocrx_word' id='word_1_67' title='bbox 1295 2556 1436 2629; x_wconf 84' lang='lat' dir='ltr'><strong>trabunt</strong></span> 
     </span>
     <span class='ocr_line' id='line_1_14' title="bbox 604 2673 1393 2768; baseline 0.003 -25"><span class='ocrx_word' id='word_1_68' title='bbox 604 2675 686 2752; x_wconf 82' lang='lat' dir='ltr'><strong>Sina</strong></span> <span class='ocrx_word' id='word_1_69' title='bbox 705 2698 808 2768; x_wconf 90' lang='lat' dir='ltr'><strong>opere</strong></span> <span class='ocrx_word' id='word_1_70' title='bbox 829 2673 945 2748; x_wconf 83' lang='lat' dir='ltr'><strong>vitam.</strong></span> <span class='ocrx_word' id='word_1_71' title='bbox 964 2673 1068 2744; x_wconf 88' lang='lat' dir='ltr'><strong>Clade</strong></span> <span class='ocrx_word' id='word_1_72' title='bbox 1085 2696 1139 2744; x_wconf 87' lang='lat' dir='ltr'><strong>me</strong></span> <span class='ocrx_word' id='word_1_73' title='bbox 1160 2673 1254 2768; x_wconf 94' lang='lat' dir='ltr'><strong>quali</strong></span> <span class='ocrx_word' id='word_1_74' title='bbox 1276 2673 1393 2746; x_wconf 85' lang='lat' dir='ltr'><strong>iurans</strong></span> 
     </span>
     <span class='ocr_line' id='line_1_15' title="bbox 605 2790 1437 2885; baseline -0.001 -23"><span class='ocrx_word' id='word_1_75' title='bbox 605 2791 769 2863; x_wconf 89' lang='lat' dir='ltr'><strong>Obruerit</strong></span> <span class='ocrx_word' id='word_1_76' title='bbox 787 2790 885 2861; x_wconf 88' lang='lat' dir='ltr'><strong>audis</strong></span> <span class='ocrx_word' id='word_1_77' title='bbox 902 2815 911 2873; x_wconf 90' lang='lat'>;</span> <span class='ocrx_word' id='word_1_78' title='bbox 930 2802 965 2862; x_wconf 90' lang='lat' dir='ltr'><strong>at</strong></span> <span class='ocrx_word' id='word_1_79' title='bbox 979 2790 1104 2885; x_wconf 93' lang='lat' dir='ltr'><strong>quibus</strong></span> <span class='ocrx_word' id='word_1_80' title='bbox 1124 2813 1215 2861; x_wconf 88' lang='lat' dir='ltr'><strong>nune</strong></span> <span class='ocrx_word' id='word_1_81' title='bbox 1236 2814 1290 2862; x_wconf 92' lang='lat' dir='ltr'><strong>me</strong></span> <span class='ocrx_word' id='word_1_82' title='bbox 1309 2792 1345 2864; x_wconf 89' lang='lat' dir='ltr'><strong>in</strong></span> <span class='ocrx_word' id='word_1_83' title='bbox 1365 2791 1437 2862; x_wconf 90' lang='lat' dir='ltr'><strong>dies</strong></span> 
     </span>
     <span class='ocr_line' id='line_1_16' title="bbox 571 2898 1316 3003; baseline -0.004 -21"><span class='ocrx_word' id='word_1_84' title='bbox 571 2972 576 2983; x_wconf 92' lang='lat'><em>.</em></span> <span class='ocrx_word' id='word_1_85' title='bbox 603 2911 785 3003; x_wconf 85' lang='lat' dir='ltr'><strong>Tyrannus</strong></span> <span class='ocrx_word' id='word_1_86' title='bbox 805 2907 864 2979; x_wconf 91' lang='lat' dir='ltr'><strong>ille</strong></span> <span class='ocrx_word' id='word_1_87' title='bbox 884 2919 1021 3002; x_wconf 85' lang='lat' dir='ltr'><strong>pectore</strong></span> <span class='ocrx_word' id='word_1_88' title='bbox 1036 2907 1154 2979; x_wconf 86' lang='lat' dir='ltr'><strong>bostili</strong></span> <span class='ocrx_word' id='word_1_89' title='bbox 1170 2898 1316 3002; x_wconf 85' lang='lat' dir='ltr'><strong>premat,</strong></span> 
     </span>
     <span class='ocr_line' id='line_1_17' title="bbox 604 3021 1330 3116; baseline -0.007 -21"><span class='ocrx_word' id='word_1_90' title='bbox 604 3022 714 3095; x_wconf 79' lang='lat' dir='ltr'><strong>Audis</strong></span> <span class='ocrx_word' id='word_1_91' title='bbox 730 3023 774 3093; x_wconf 90' lang='lat' dir='ltr'><strong>ab</strong></span> <span class='ocrx_word' id='word_1_92' title='bbox 793 3021 894 3106; x_wconf 90' lang='lat' dir='ltr'><strong>aliis;</strong></span> <span class='ocrx_word' id='word_1_93' title='bbox 914 3023 1033 3116; x_wconf 83' lang='lat' dir='ltr'><strong>lingua</strong></span> <span class='ocrx_word' id='word_1_94' title='bbox 1047 3022 1204 3094; x_wconf 84' lang='lat' dir='ltr'><strong>tristatur</strong></span> <span class='ocrx_word' id='word_1_95' title='bbox 1221 3023 1330 3115; x_wconf 87' lang='lat' dir='ltr'><strong>loqui.</strong></span> 
     </span>
     <span class='ocr_line' id='line_1_18' title="bbox 603 3135 1356 3232; baseline 0.003 -26"><span class='ocrx_word' id='word_1_96' title='bbox 603 3136 768 3230; x_wconf 86' lang='lat' dir='ltr'><strong>Reperire</strong></span> <span class='ocrx_word' id='word_1_97' title='bbox 783 3159 918 3230; x_wconf 90' lang='lat' dir='ltr'><strong>nequeo</strong></span> <span class='ocrx_word' id='word_1_98' title='bbox 938 3137 997 3230; x_wconf 94' lang='lat' dir='ltr'><strong>qui</strong></span> <span class='ocrx_word' id='word_1_99' title='bbox 1017 3136 1105 3208; x_wconf 85' lang='lat' dir='ltr'><strong>ierat</strong></span> <span class='ocrx_word' id='word_1_100' title='bbox 1123 3135 1223 3207; x_wconf 91' lang='lat' dir='ltr'><strong>malis</strong></span> <span class='ocrx_word' id='word_1_101' title='bbox 1242 3159 1356 3232; x_wconf 89' lang='lat' dir='ltr'><strong>opem,</strong></span> 
     </span>
     <span class='ocr_line' id='line_1_19' title="bbox 598 3253 1231 3349; baseline -0.006 -20"><span class='ocrx_word' id='word_1_102' title='bbox 598 3254 815 3347; x_wconf 75' lang='lat' dir='ltr'><strong>iniquiorem</strong></span> <span class='ocrx_word' id='word_1_103' title='bbox 837 3277 936 3349; x_wconf 89' lang='lat' dir='ltr'><strong>posse</strong></span> <span class='ocrx_word' id='word_1_104' title='bbox 956 3253 1083 3326; x_wconf 91' lang='lat' dir='ltr'><strong>mutari</strong></span> <span class='ocrx_word' id='word_1_105' title='bbox 1104 3265 1231 3325; x_wconf 90' lang='lat' dir='ltr'><strong>statum</strong></span> 
     </span>
    </p>

    <p class='ocr_par' dir='ltr' id='par_1_5' title="bbox 584 3369 1427 3694">
     <span class='ocr_line' id='line_1_20' title="bbox 602 3369 1427 3465; baseline 0.004 -25"><span class='ocrx_word' id='word_1_106' title='bbox 602 3371 725 3441; x_wconf 84' lang='lat' dir='ltr'><strong>Dillisa</strong></span> <span class='ocrx_word' id='word_1_107' title='bbox 746 3396 755 3457; x_wconf 92' lang='lat'>;</span> <span class='ocrx_word' id='word_1_108' title='bbox 774 3382 913 3464; x_wconf 90' lang='lat' dir='ltr'><strong>superat</strong></span> <span class='ocrx_word' id='word_1_109' title='bbox 932 3393 1079 3465; x_wconf 81' lang='lat' dir='ltr'><strong>namque</strong></span> <span class='ocrx_word' id='word_1_110' title='bbox 1099 3393 1197 3465; x_wconf 90' lang='lat' dir='ltr'><strong>quas,</strong></span> <span class='ocrx_word' id='word_1_111' title='bbox 1216 3369 1427 3460; x_wconf 66' lang='lat' dir='ltr'><strong>vires,‹libot</strong></span> 
     </span>
     <span class='ocr_line' id='line_1_21' title="bbox 584 3486 1318 3560; baseline 0 0"><span class='ocrx_word' id='word_1_112' title='bbox 584 3488 823 3560; x_wconf 85' lang='lat' dir='ltr'><strong>.lndustriosae</strong></span> <span class='ocrx_word' id='word_1_113' title='bbox 843 3486 979 3558; x_wconf 85' lang='lat' dir='ltr'><strong>mentis.</strong></span> <span class='ocrx_word' id='word_1_114' title='bbox 994 3486 1039 3559; x_wconf 89' lang='lat' dir='ltr'><strong>Ut</strong></span> <span class='ocrx_word' id='word_1_115' title='bbox 1057 3486 1184 3557; x_wconf 86' lang='lat' dir='ltr'><strong>sanetis</strong></span> <span class='ocrx_word' id='word_1_116' title='bbox 1203 3501 1318 3560; x_wconf 89' lang='lat' dir='ltr'><strong>tamen</strong></span> 
     </span>
     <span class='ocr_line' id='line_1_22' title="bbox 604 3601 1326 3694; baseline -0.003 -20"><span class='ocrx_word' id='word_1_117' title='bbox 604 3604 835 3674; x_wconf 89' lang='lat' dir='ltr'><strong>Oraoulorum</strong></span> <span class='ocrx_word' id='word_1_118' title='bbox 856 3602 959 3674; x_wconf 85' lang='lat' dir='ltr'><strong>video</strong></span> <span class='ocrx_word' id='word_1_119' title='bbox 979 3601 1176 3679; x_wconf 85' lang='lat' dir='ltr'><strong>mandatum</strong></span> <span class='ocrx_word' id='word_1_120' title='bbox 1198 3602 1326 3694; x_wconf 78' lang='lat' dir='ltr'><strong>Libris,</strong></span> 
     </span>
    </p>

    <p class='ocr_par' dir='ltr' id='par_1_6' title="bbox 570 3717 1400 4043">
     <span class='ocr_line' id='line_1_23' title="bbox 570 3717 1400 3814; baseline -0.008 -19"><span class='ocrx_word' id='word_1_121' title='bbox 570 3785 576 3795; x_wconf 86' lang='lat'><strong>.</strong></span> <span class='ocrx_word' id='word_1_122' title='bbox 602 3721 679 3791; x_wconf 83' lang='lat' dir='ltr'><strong>Rex</strong></span> <span class='ocrx_word' id='word_1_123' title='bbox 698 3719 963 3792; x_wconf 79' lang='lat' dir='ltr'><strong>GALLICANlS</strong></span> <span class='ocrx_word' id='word_1_124' title='bbox 982 3742 1071 3790; x_wconf 94' lang='lat' dir='ltr'><strong>unus</strong></span> <span class='ocrx_word' id='word_1_125' title='bbox 1090 3717 1256 3789; x_wconf 88' lang='lat' dir='ltr'><strong>oriundus</strong></span> <span class='ocrx_word' id='word_1_126' title='bbox 1276 3718 1400 3814; x_wconf 82' lang='lat' dir='ltr'><strong>plagis,</strong></span> 
     </span>
     <span class='ocr_line' id='line_1_24' title="bbox 602 3832 1331 3927; baseline -0.003 -20"><span class='ocrx_word' id='word_1_127' title='bbox 602 3837 737 3908; x_wconf 84' lang='lat' dir='ltr'><strong>Ortona</strong></span> <span class='ocrx_word' id='word_1_128' title='bbox 754 3835 881 3906; x_wconf 86' lang='lat' dir='ltr'><strong>Pboebo</strong></span> <span class='ocrx_word' id='word_1_129' title='bbox 900 3832 1010 3927; x_wconf 89' lang='lat' dir='ltr'><strong>spatia</strong></span> <span class='ocrx_word' id='word_1_130' title='bbox 1026 3857 1086 3926; x_wconf 90' lang='lat' dir='ltr'><strong>per</strong></span> <span class='ocrx_word' id='word_1_131' title='bbox 1104 3846 1217 3905; x_wconf 92' lang='lat' dir='ltr'><strong>ternas</strong></span> <span class='ocrx_word' id='word_1_132' title='bbox 1237 3833 1331 3905; x_wconf 84' lang='lat' dir='ltr'><strong>vires</strong></span> 
     </span>
     <span class='ocr_line' id='line_1_25' title="bbox 600 3947 1360 4043; baseline 0 -24"><span class='ocrx_word' id='word_1_133' title='bbox 600 3951 783 4040; x_wconf 85' lang='lat' dir='ltr'><strong>Volvente,</strong></span> <span class='ocrx_word' id='word_1_134' title='bbox 800 3948 909 4020; x_wconf 91' lang='lat' dir='ltr'><strong>sterili</strong></span> <span class='ocrx_word' id='word_1_135' title='bbox 926 3950 1046 4020; x_wconf 87' lang='lat' dir='ltr'><strong>matris</strong></span> <span class='ocrx_word' id='word_1_136' title='bbox 1061 3948 1097 4019; x_wconf 92' lang='lat' dir='ltr'><strong>in</strong></span> <span class='ocrx_word' id='word_1_137' title='bbox 1114 3947 1247 4043; x_wconf 82' lang='lat' dir='ltr'><strong>gremio</strong></span> <span class='ocrx_word' id='word_1_138' title='bbox 1266 3960 1360 4019; x_wconf 89' lang='lat' dir='ltr'><strong>satus</strong></span> 
     </span>
    </p>

    <p class='ocr_par' dir='ltr' id='par_1_7' title="bbox 600 4064 1451 4625">
     <span class='ocr_line' id='line_1_26' title="bbox 600 4064 1380 4163; baseline -0.009 -22"><span class='ocrx_word' id='word_1_139' title='bbox 600 4067 656 4141; x_wconf 84' lang='lat' dir='ltr'><strong>llle</strong></span> <span class='ocrx_word' id='word_1_140' title='bbox 671 4066 854 4153; x_wconf 91' lang='lat' dir='ltr'><strong>liberabit;</strong></span> <span class='ocrx_word' id='word_1_141' title='bbox 873 4065 1022 4163; x_wconf 86' lang='lat' dir='ltr'><strong>ebmque</strong></span> <span class='ocrx_word' id='word_1_142' title='bbox 1041 4066 1224 4139; x_wconf 84' lang='lat' dir='ltr'><strong>Furiarum</strong></span> <span class='ocrx_word' id='word_1_143' title='bbox 1242 4064 1380 4157; x_wconf 78' lang='lat' dir='ltr'><strong>robora,</strong></span> 
     </span>
     <span class='ocr_line' id='line_1_27' title="bbox 600 4181 1360 4280; baseline -0.007 -23"><span class='ocrx_word' id='word_1_144' title='bbox 600 4190 755 4280; x_wconf 80' lang='lat' dir='ltr'><strong>Atraqne</strong></span> <span class='ocrx_word' id='word_1_145' title='bbox 780 4199 815 4257; x_wconf 91' lang='lat' dir='ltr'><strong>et</strong></span> <span class='ocrx_word' id='word_1_146' title='bbox 834 4184 930 4256; x_wconf 92' lang='lat' dir='ltr'><strong>basta</strong></span> <span class='ocrx_word' id='word_1_147' title='bbox 956 4184 1113 4278; x_wconf 89' lang='lat' dir='ltr'><strong>polluens</strong></span> <span class='ocrx_word' id='word_1_148' title='bbox 1133 4181 1225 4277; x_wconf 91' lang='lat' dir='ltr'><strong>turpi</strong></span> <span class='ocrx_word' id='word_1_149' title='bbox 1247 4181 1360 4253; x_wconf 86' lang='lat' dir='ltr'><strong>solum</strong></span> 
     </span>
     <span class='ocr_line' id='line_1_28' title="bbox 600 4291 1451 4396; baseline -0.001 -25"><span class='ocrx_word' id='word_1_150' title='bbox 600 4302 710 4391; x_wconf 85' lang='lat' dir='ltr'><strong>Tabo,</strong></span> <span class='ocrx_word' id='word_1_151' title='bbox 729 4313 765 4374; x_wconf 89' lang='lat' dir='ltr'><strong>et</strong></span> <span class='ocrx_word' id='word_1_152' title='bbox 789 4302 980 4396; x_wconf 77' lang='lat' dir='ltr'><strong>profundos</strong></span> <span class='ocrx_word' id='word_1_153' title='bbox 998 4301 1079 4373; x_wconf 86' lang='lat' dir='ltr'><strong>sede</strong></span> <span class='ocrx_word' id='word_1_154' title='bbox 1095 4299 1293 4372; x_wconf 81' lang='lat' dir='ltr'><strong>convellens</strong></span> <span class='ocrx_word' id='word_1_155' title='bbox 1312 4291 1451 4392; x_wconf 78' lang='lat' dir='ltr'><strong>gradus&#39;</strong></span> 
     </span>
     <span class='ocr_line' id='line_1_29' title="bbox 600 4415 1360 4512; baseline -0.004 -26"><span class='ocrx_word' id='word_1_156' title='bbox 600 4416 694 4495; x_wconf 82' lang='lat' dir='ltr'><strong>Mars</strong></span> <span class='ocrx_word' id='word_1_157' title='bbox 714 4416 883 4488; x_wconf 71' lang='lat' dir='ltr'><strong>universae</strong></span> <span class='ocrx_word' id='word_1_158' title='bbox 903 4416 1034 4512; x_wconf 88' lang='lat' dir='ltr'><strong>quatiet</strong></span> <span class='ocrx_word' id='word_1_159' title='bbox 1053 4415 1200 4508; x_wconf 68' lang='lat' dir='ltr'><strong>Europae</strong></span> <span class='ocrx_word' id='word_1_160' title='bbox 1220 4422 1360 4505; x_wconf 88' lang='lat' dir='ltr'><strong>statum,</strong></span> 
     </span>
     <span class='ocr_line' id='line_1_30' title="bbox 600 4525 1346 4625; baseline -0.005 -26"><span class='ocrx_word' id='word_1_161' title='bbox 600 4531 784 4624; x_wconf 80' lang='lat' dir='ltr'><strong>Terraeque</strong></span> <span class='ocrx_word' id='word_1_162' title='bbox 798 4530 961 4625; x_wconf 88' lang='lat' dir='ltr'><strong>pulebros</strong></span> <span class='ocrx_word' id='word_1_163' title='bbox 979 4553 1059 4603; x_wconf 88' lang='lat' dir='ltr'><strong>ensa</strong></span> <span class='ocrx_word' id='word_1_164' title='bbox 1077 4527 1220 4601; x_wconf 83' lang='lat' dir='ltr'><strong>lmdabit</strong></span> <span class='ocrx_word' id='word_1_165' title='bbox 1234 4525 1346 4619; x_wconf 85' lang='lat' dir='ltr'><strong>sinus,</strong></span> 
     </span>
    </p>
   </div>
   <div class='ocr_carea' id='block_1_3' title="bbox 478 4647 1251 4742">
    <p class='ocr_par' dir='ltr' id='par_1_8' title="bbox 478 4647 1251 4742">
     <span class='ocr_line' id='line_1_31' title="bbox 478 4647 1251 4742; baseline -0.004 -23"><span class='ocrx_word' id='word_1_166' title='bbox 478 4664 481 4670; x_wconf 84' lang='grc'><em>“</em></span> <span class='ocrx_word' id='word_1_167' title='bbox 600 4648 836 4738; x_wconf 75' lang='lat' dir='ltr'><strong>Etexeitabit,</strong></span> <span class='ocrx_word' id='word_1_168' title='bbox 859 4661 974 4742; x_wconf 80' lang='lat' dir='ltr'><strong>strage</strong></span> <span class='ocrx_word' id='word_1_169' title='bbox 993 4647 1143 4737; x_wconf 83' lang='lat' dir='ltr'><strong>diversa,</strong></span> <span class='ocrx_word' id='word_1_170' title='bbox 1158 4647 1251 4718; x_wconf 89' lang='lat' dir='ltr'><strong>laros</strong></span> 
     </span>
    </p>
   </div>
   <div class='ocr_carea' id='block_1_4' title="bbox 575 4754 1469 5321">
    <p class='ocr_par' dir='ltr' id='par_1_9' title="bbox 599 4754 1469 5090">
     <span class='ocr_line' id='line_1_32' title="bbox 600 4754 1469 4859; baseline -0.005 -26"><span class='ocrx_word' id='word_1_171' title='bbox 600 4764 728 4853; x_wconf 83' lang='lat' dir='ltr'><strong>Celtas,</strong></span> <span class='ocrx_word' id='word_1_172' title='bbox 750 4763 879 4857; x_wconf 85' lang='lat' dir='ltr'><strong>iberos,</strong></span> <span class='ocrx_word' id='word_1_173' title='bbox 898 4777 1001 4859; x_wconf 85' lang='lat' dir='ltr'><strong>atque</strong></span> <span class='ocrx_word' id='word_1_174' title='bbox 1021 4762 1254 4835; x_wconf 89' lang='lat' dir='ltr'><strong>miserandum</strong></span> <span class='ocrx_word' id='word_1_175' title='bbox 1272 4758 1309 4830; x_wconf 90' lang='lat' dir='ltr'><strong>in</strong></span> <span class='ocrx_word' id='word_1_176' title='bbox 1327 4754 1469 4834; x_wconf 87' lang='lat' dir='ltr'><strong>modum</strong></span> 
     </span>
     <span class='ocr_line' id='line_1_33' title="bbox 599 4875 1328 4971; baseline -0.004 -21"><span class='ocrx_word' id='word_1_177' title='bbox 599 4879 863 4950; x_wconf 86' lang='lat' dir='ltr'><strong>Germaniarum</strong></span> <span class='ocrx_word' id='word_1_178' title='bbox 883 4900 980 4971; x_wconf 81' lang='lat' dir='ltr'><strong>gens,</strong></span> <span class='ocrx_word' id='word_1_179' title='bbox 995 4889 1030 4949; x_wconf 91' lang='lat' dir='ltr'><strong>et</strong></span> <span class='ocrx_word' id='word_1_180' title='bbox 1045 4875 1166 4964; x_wconf 85' lang='lat' dir='ltr'><strong>ltaliae,</strong></span> <span class='ocrx_word' id='word_1_181' title='bbox 1187 4896 1328 4947; x_wconf 86' lang='lat' dir='ltr'><strong>manum</strong></span> 
     </span>
     <span class='ocr_line' id='line_1_34' title="bbox 600 4989 1361 5090; baseline -0.009 -23"><span class='ocrx_word' id='word_1_182' title='bbox 600 5000 731 5068; x_wconf 84' lang='lat' dir='ltr'><strong>Cruore</strong></span> <span class='ocrx_word' id='word_1_183' title='bbox 746 5007 900 5090; x_wconf 71' lang='lat' dir='ltr'><strong>sparget:</strong></span> <span class='ocrx_word' id='word_1_184' title='bbox 917 5018 1066 5089; x_wconf 88' lang='lat' dir='ltr'><strong>eumque</strong></span> <span class='ocrx_word' id='word_1_185' title='bbox 1082 4990 1238 5086; x_wconf 82' lang='lat' dir='ltr'><strong>regnanti</strong></span> <span class='ocrx_word' id='word_1_186' title='bbox 1256 4989 1361 5088; x_wconf 74' lang='lat' dir='ltr'><strong>prope</strong></span> 
     </span>
    </p>

    <p class='ocr_par' dir='ltr' id='par_1_10' title="bbox 575 5104 1369 5321">
     <span class='ocr_line' id='line_1_35' title="bbox 575 5104 1277 5203; baseline -0.013 -20"><span class='ocrx_word' id='word_1_187' title='bbox 575 5151 580 5165; x_wconf 88' lang='lat'><strong>·</strong></span> <span class='ocrx_word' id='word_1_188' title='bbox 598 5110 693 5183; x_wconf 86' lang='lat' dir='ltr'><strong>Patri</strong></span> <span class='ocrx_word' id='word_1_189' title='bbox 709 5108 872 5180; x_wconf 83' lang='lat' dir='ltr'><strong>assidebit</strong></span> <span class='ocrx_word' id='word_1_190' title='bbox 889 5108 963 5203; x_wconf 89' lang='lat' dir='ltr'><strong>ipsa</strong></span> <span class='ocrx_word' id='word_1_191' title='bbox 978 5106 1113 5180; x_wconf 89' lang='lat' dir='ltr'><strong>eonsilii</strong></span> <span class='ocrx_word' id='word_1_192' title='bbox 1135 5104 1277 5195; x_wconf 89' lang='lat' dir='ltr'><strong>arbiter,</strong></span> 
     </span>
     <span class='ocr_line' id='line_1_36' title="bbox 599 5219 1369 5321; baseline -0.008 -23"><span class='ocrx_word' id='word_1_193' title='bbox 599 5227 779 5321; x_wconf 77' lang='lat' dir='ltr'><strong>Regniqua</strong></span> <span class='ocrx_word' id='word_1_194' title='bbox 799 5236 928 5317; x_wconf 89' lang='lat' dir='ltr'><strong>eustos,</strong></span> <span class='ocrx_word' id='word_1_195' title='bbox 944 5236 1058 5298; x_wconf 81' lang='lat' dir='ltr'><strong>manta</strong></span> <span class='ocrx_word' id='word_1_196' title='bbox 1077 5220 1238 5318; x_wconf 88' lang='lat' dir='ltr'><strong>prudenti</strong></span> <span class='ocrx_word' id='word_1_197' title='bbox 1257 5219 1369 5293; x_wconf 82' lang='lat' dir='ltr'><strong>sciens</strong></span> 
     </span>
    </p>
   </div>
   <div class='ocr_carea' id='block_1_5' title="bbox 600 5340 1403 5444">
    <p class='ocr_par' dir='ltr' id='par_1_11' title="bbox 600 5340 1403 5444">
     <span class='ocr_line' id='line_1_37' title="bbox 600 5340 1403 5444; baseline -0.004 -28"><span class='ocrx_word' id='word_1_198' title='bbox 600 5347 677 5419; x_wconf 90' lang='lat' dir='ltr'><strong>Non</strong></span> <span class='ocrx_word' id='word_1_199' title='bbox 696 5365 855 5444; x_wconf 85' lang='lat' dir='ltr'><strong>premere</strong></span> <span class='ocrx_word' id='word_1_200' title='bbox 869 5342 1011 5438; x_wconf 81' lang='lat' dir='ltr'><strong>amieos,</strong></span> <span class='ocrx_word' id='word_1_201' title='bbox 1031 5340 1110 5431; x_wconf 81' lang='lat' dir='ltr'><strong>utili</strong></span> <span class='ocrx_word' id='word_1_202' title='bbox 1128 5353 1317 5442; x_wconf 79' lang='lat' dir='ltr'><strong>atpressos</strong></span> <span class='ocrx_word' id='word_1_203' title='bbox 1334 5360 1403 5439; x_wconf 83' lang='lat' dir='ltr'><strong>apa</strong></span> 
     </span>
    </p>
   </div>
   <div class='ocr_carea' id='block_1_6' title="bbox 0 0 2318 6727">
    <p class='ocr_par' dir='ltr' id='par_1_12' title="bbox 0 0 2318 6727">
     <span class='ocr_line' id='line_1_38' title="bbox 0 0 2318 6727; baseline 0 0"><span class='ocrx_word' id='word_1_204' title='bbox 0 0 2318 6727; x_wconf 95' lang='lat' dir='ltr'><strong> </strong></span> 
     </span>
    </p>
   </div>
  </div>
 </body>
</html>
