4626 6728
883 1043 1058 1101 AEONTOE
1076 1036 1270 1096 ΔΛΛΛΤΙΟΥ
1286 1036 1419 1093 ΕΛΛΛΣ,

780 1229 808 1312 fl
827 1257 877 1310 νῦν
896 1257 975 1312 θεοῦ
990 1248 1131 1330 βουλαῖσι
1149 1239 1407 1333 προστεταγμένη

779 1371 907 1453 Πρῶτον
921 1355 964 1453 γ’,
976 1362 1059 1436 ὅπως
1077 1357 1202 1450 πρώτον
1218 1383 1256 1448 γε
1274 1367 1460 1447 προστατῶν
1479 1343 1573 1420 πέδου

781 1476 893 1568 Πρόιτη
913 1467 1073 1566 βραόεύσει
1095 1485 1252 1563 σκῆπτρα,
1271 1473 1324 1537 καὶ
1345 1470 1436 1537 σώσει
1455 1467 1545 1543 κλέος
1566 1492 1575 1548 ;

828 1573 870 1658 ἓν
883 1582 923 1661 δὴ
945 1590 1037 1680 μόνον
1052 1588 1193 1680 τάραττε
1208 1589 1381 1653 τοσσούτου
1400 1587 1521 1678 φρένας,

780 1721 868 1796 Δεινῇ
883 1702 914 1775 τ’
926 1710 1156 1774 ἐπισκοποῦντα
1172 1718 1312 1797 συμφορᾷ
1332 1707 1415 1795 τύχη

782 1807 900 1916 ἔτειρε,
915 1824 1107 1912 κᾴπιίλγυνε·
1127 1821 1201 1913 πρὸς
1220 1814 1322 1888 δὲκαὶ
1340 1821 1434 1912 γάνος

783 1927 895 2006 λλλων
916 1941 1012 2006 ἐκύκα
1029 1931 1165 2030 ξυννεφεῖ
1180 1936 1365 2029 τριχώματα

784 2043 884 2132 λπαις
903 2054 962 2146 γάρ
978 2055 1048 2121 έσκε
1068 2045 1284 2146 χρόνιος,οιίδέ
1303 2053 1333 2120 οἱ
1351 2057 1431 2122 ποτὲ

785 2180 921 2262 λίακροῖς
939 2169 1016 2261 γονὴ
1036 2172 1213 2254 βλάστησεν
1232 2173 1263 2237 ἐν
1284 2171 1459 2262 εὐνήμασιν.

785 2272 869 2353 figat
889 2277 918 2352 δ’
933 2284 1079 2378 ἔλαμψαν
1097 2291 1129 2355 ἐν
1147 2289 1235 2380 λέχει
1256 2280 1401 2366 νεάνιδες.

786 2399 855 2472 Εἶτ’
867 2395 975 2497 ἀνδρὸς
992 2395 1084 2497 ἁδρὸν
1100 2406 1320 2480 εύσθενήσασαι
1335 2410 1462 2498 κράτος,

788 2524 851 2588 Καὶ
867 2512 907 2594 δὴ
926 2517 1049 2614 φέπουσ’
1062 2525 1091 2600 ἐς
1110 2536 1220 2616 γῆρας,
1242 2522 1261 2598 θ
1281 2527 1417 2602 πολλοὺς
1436 2525 1562 2616 χρόνους

789 2626 941 2729 λκαρποι,
960 2629 1032 2704 οὐδὲ
1047 2641 1190 2730 χρηστοί,
1210 2630 1275 2706 οὐδ’
1286 2641 1410 2732 ἔχουσιν
1426 2637 1471 2717 οἷς

790 2750 933 2842 Δείψουσι
950 2759 1089 2820 πλοῦτον
1108 2754 1244 2846 ἄφατον,
1263 2747 1350 2837 ἕδνα,
1369 2759 1423 2824 καὶ
1442 2755 1573 2847 θρόνους.

791 2854 884 2937 ἐνθεν
898 2871 987 2946 πόσις
1008 2871 1170 2961 σύννομος,
1191 2872 1244 2936 καί
1261 2871 1362 2943 κλυτὴ
1374 2862 1490 2963 δάμαρ,

791 2988 854 3052 Καί
869 2997 930 3062 παῖς
943 3010 990 3061 τις
1009 2985 1120 3066 ἄλλος,
1136 2981 1160 3068 ᾧ
1179 2987 1270 3076 φίλον
1286 2997 1365 3053 Θεοῦ
1386 2979 1480 3062 σέόας

793 3086 871 3188 ὁψει
883 3113 1033 3190 κατηφεῖ,
1050 3100 1105 3166 καὶ
1130 3099 1190 3181 νόῳ
1208 3100 1402 3192 πεπνυμένῳ,

795 3216 854 3281 Τόν
870 3218 939 3309 πρὶν
951 3218 982 3282 έν
999 3215 1106 3307 εὐχαῖς
1127 3210 1196 3281 αὖθι
1215 3217 1385 3288 κίκλησκον
1405 3216 1494 3297 θεόν,

795 3317 900 3398 ᾔτουν
912 3356 949 3398 τε
967 3320 1081 3412 παῖδα,
1114 3334 1168 3398 καὶ
1187 3331 1294 3423 γένους
1313 3332 1493 3423 εὐκαρπίαν,

795 3436 886 3525 ὅπως
906 3459 1039 3540 πατρῷα
1058 3450 1163 3515 παισὶν
1182 3451 1217 3516 ἐκ
1231 3439 1352 3515 παίδων
1372 3449 1476 3540 μόλοι,

796 3569 981 3659 Πάγκληρα,
996 3566 1040 3658 μὴ
1059 3557 1088 3632 δ’
1100 3566 1236 3642 έπακτδς
1258 3567 1388 3657 άρπείσει
1407 3557 1489 3642 ξένα.

842 3687 878 3749 Τί
894 3674 923 3749 δ’
933 3679 1015 3751 οὖνὸ
1031 3695 1121 3750 κινῶν
1136 3684 1264 3776 οὐρανοῦ
1278 3683 1354 3760 Θεὸς
1369 3683 1470 3773 χύσιν,

795 3791 894 3867 Πέδον
913 3790 1037 3867 διοικῶν
1051 3803 1144 3878 ἡνίοις
1160 3801 1330 3893 άκαμπέσι,

794 3906 901 3993 Διδοὺς
922 3919 979 3983 ἐῶν
999 3907 1139 4006 διψῶσιν,
1159 3916 1200 3994 ὡς
1221 3918 1323 4008 φίλον,
1346 3919 1480 4008 βροτοῖς,

794 4022 890 4107 Ριζῶν
909 4030 951 4097 τὰ
967 4031 1086 4112 πάντα,
1109 4034 1162 4097 καὶ
1180 4043 1281 4122 σοφῶς
1301 4030 1503 4123 τεχνῶμενος.

795 4145 892 4211 Τείνει
910 4145 966 4236 μὲν
980 4149 1067 4238 όμμα
1084 4158 1253 4239 πανταχοῦ
1269 4148 1344 4225 θεῶς
1364 4148 1513 4239 στρέφων,

797 4258 833 4324 E?
856 4262 910 4325 καί
929 4262 1112 4353 πανούργοις
1132 4263 1288 4353 σχετλίων
1306 4262 1488 4354 μοχθηρίαις

798 4375 917 4468 Λυπρόν
932 4371 1022 4469 θέαμ’
1031 4368 1157 4461 ἐσεῖδεν,
1173 4381 1297 4446 ἐντείνει
1313 4369 1342 4444 δ’
1358 4381 1453 4471 ὅμως,

798 4492 891 4567 Γαίης
914 4485 942 4556 θ’
960 4492 1016 4584 ὁρᾷ
1034 4484 1199 4582 κρηπῖδας,
1219 4493 1256 4570 άς
1275 4495 1394 4570 στήσας
1413 4495 1481 4584 έχε,

799 4616 967 4698 Βρασμοῖσι
984 4599 1094 4685 δεινοῖς
1111 4601 1449 4700 ριζόθεαλονουμένας,

799 4723 941 4789 Νείκεσσι
965 4714 995 4789 δ’
1007 4713 1136 4816 ἀνδρῶν,
1155 4728 1210 4791 καὶ
1226 4717 1385 4803 δυσιάτοις
1402 4725 1507 4819 μόθοις

799 4838 917 4917 Χθονὸς
937 4842 1087 4932 πρόσωπα
1107 4843 1237 4934 λαμπρά
1255 4833 1429 4935 δύσμορφον
1443 4843 1559 4915 στολὴν

799 4948 945 5037 Βαλόντ’,
966 4956 1067 5048 ἄτιμα
1087 4950 1283 5050 ὑποόρυχίοις
1309 4959 1405 5024 νεύειν
1424 4971 1545 5038 κακοῖς,

800 5082 923 5162 Βροτῶν
939 5063 974 5139 δέ
992 5075 1207 5166 χειμασθέντα
1224 5077 1383 5169 τρηχείαις
1399 5077 1518 5168 μάχαις

800 5181 907 5255 ῥέπειν
925 5185 1047 5281 γένεθλ’
1065 5195 1095 5270 ές
1113 5187 1145 5260 τ’
1161 5182 1249 5260 οὐδὲν
1267 5195 1483 5285 ἐγκονούμενα,

800 5307 921 5396 Οίστριμ
941 5296 970 5371 δ’
988 5302 1120 5399 Ἐριννλν
1138 5300 1227 5402 δριμύ
1244 5316 1408 5376 λυσσῶσαν
1427 5307 1511 5398 χέειν
