4626 6728
776 1458 830 1529 ΙΝ
854 1454 1104 1530 NATALES

453 1670 947 1785 DELPHINI
1005 1666 1441 1784 GALLICI.

714 1990 1175 2001 -----

597 2230 911 2338 LEONIS
946 2229 1309 2338 ALLATII

802 2474 1106 2600 natta.

508 2735 743 2797 INTERPRETE
757 2735 924 2798 GUIDONE
938 2736 987 2795 DE
1002 2736 1194 2800 SOUVIGNY
1208 2734 1414 2799 nnaasmtsr.

914 2973 1012 2985 ¹——

565 3175 708 3270 Recepit
725 3197 809 3247 usus
828 3198 898 3246 non
914 3174 958 3246 ab
973 3174 1125 3248 humana
1144 3175 1262 3249 indole

567 3290 725 3382 Alienus,
745 3288 874 3381 (animo
889 3312 1038 3385 namque
1058 3313 1121 3362 nos
1137 3291 1273 3387 placido
1290 3315 1413 3387 parens

567 3408 701 3479 Natura
718 3405 851 3501 genuit,
862 3405 932 3501 qud
950 3408 1147 3503 reponendo
1167 3408 1318 3482 invicem

569 3523 738 3598 Beneficio
752 3514 917 3624 certetur)
937 3533 976 3595 ut
993 3525 1114 3596 matris
1134 3525 1227 3618 sinu,

570 3638 692 3712 Matris
711 3637 859 3735 potentis
877 3663 984 3733 regna
1002 3640 1196 3713 moderanti
1216 3642 1322 3733 Patri,

572 3756 610 3828 Si
628 3780 713 3850 puer
732 3755 768 3826 in
783 3778 884 3826 auras
901 3754 1027 3851 prodit,
1043 3756 1110 3826 hoc
1125 3756 1194 3829 ritu
1210 3756 1373 3852 frequens

573 3870 725 3967 sceptris
744 3870 895 3964 paternis
917 3871 1163 3964 imperatarum
1182 3871 1288 3965 probd

574 3989 735 4060 Gratctur
755 4010 880 4081 agmen
898 3986 1066 4081 gentium,
1087 3999 1120 4059 et
1139 3988 1229 4083 proli
1255 3999 1397 4084 apparet

575 4105 715 4177 Prolixa
732 4105 804 4175 risu
828 4103 967 4197 gaudia,
987 4115 1020 4175 et
1040 4105 1145 4177 lautis
1164 4104 1251 4176 cibis

575 4221 786 4317 Cyathisquc
801 4222 889 4292 festa
904 4220 1071 4313 carmina,
1085 4232 1120 4293 et
1138 4222 1260 4294 densas
1279 4233 1377 4316 parat

576 4336 694 4408 Facili
714 4322 877 4407 cinereae:
897 4358 1045 4429 cumque
1071 4347 1227 4408 materna
1245 4335 1362 4409 locum

578 4450 728 4523 Sortitus
750 4450 830 4522 alvo
851 4449 1055 4544 principem,
1076 4450 1206 4545 patrios
1225 4449 1329 4544 lares,

579 4567 624 4637 Et
637 4565 870 4662 praepotentis
883 4567 976 4661 jura,
991 4565 1180 4661 titulosque
1194 4577 1341 4661 occupat

580 4682 800 4755 Hereditatis
817 4707 826 4768 ;
845 4682 956 4753 imbre
971 4682 1099 4754 laetitiae
1115 4706 1206 4754 novo

581 4798 773 4892 Liquentnr
798 4798 927 4890 animi3
948 4797 1075 4893 qnippe
1096 4799 1221 4870 natalis
1241 4798 1332 4871 diem

581 4911 763 4984 Felicioris
778 4912 940 4983 celebrat·
960 4915 1042 5007 Haec
1062 4914 1201 5007 plausus
1222 4912 1361 5006 quidem

584 5028 839 5102 Communioris
854 5052 968 5099 causa.
989 5028 1090 5112 Quod
1105 5028 1133 5098 si
1149 5027 1262 5098 inians
1288 5028 1381 5116 beat,

586 5146 717 5239 Exspes
736 5155 787 5215 tot
805 5166 927 5233 annos,
944 5143 1097 5214 nescium
1118 5155 1235 5238 partus
1253 5156 1381 5235 torum,

588 5261 773 5361 Postquam
789 5249 939 5332 exoluta
958 5260 1089 5355 jamdiu
1106 5260 1199 5332 Coelo
1214 5284 1348 5355 preces,

588 5380 712 5453 Libata
728 5388 763 5453 et
777 5378 846 5450 aris
859 5378 961 5453 thura
976 5377 1153 5452 difficilem
1167 5375 1263 5474 priira
