4626 6728
824 1021 1091 1083 EIIAEAOMENA
1110 1022 1436 1082 ΣΥΝΓΓΡΑΜΜΑΤΑ.
1707 1017 1752 1082 27

518 1186 682 1319 «Ὀμήρου
700 1231 824 1296 Γοναὶ»
847 1224 968 1322 (Στίχοι
990 1224 1109 1315 ίθίθ),
1129 1232 1182 1298 καί
1201 1231 1372 1324 ἀρχόμενον
1390 1231 1483 1297 οὕτω·

815 1420 892 1493 Θυμί
908 1420 953 1484 τίη
967 1413 1142 1494 μιγθτολμος
1158 1418 1213 1474 αἰτό
1227 1418 1326 1496 χθονός
1338 1420 1417 1496 ίχνος
1431 1419 1529 1496 ἀείρων

814 1514 903 1569 Ποασί
917 1510 1091 1591 όιαιιρηααεις
1108 1513 1204 1591 αἴθραν
1217 1513 1404 1589 ἐπειγομίνοις
1419 1532 1428 1588 ;
1512 1547 1516 1554 ·

813 1610 904 1682 Δηρόν
918 1606 1025 1675 πουλην
1039 1610 1150 1686 ίτριψας
1163 1612 1209 1666 ἐπί
1222 1612 1335 1689 χρόνον,
1348 1611 1443 1688 ’Ῑαχιο
1461 1605 1577 1684 τόλμης.

812 1703 847 1762 ‘H
861 1699 957 1768 θ’όόός
972 1706 1024 1759 οὐκ
1038 1702 1129 1785 όλίχη.
1144 1703 1237 1764 'IIIa
1251 1703 1367 1763 κέλιυθα
1382 1706 1483 1783 μίτρει.

973 1816 1068 1892 κ.τ.λ.,
1109 1817 1204 1894 κ.τ.λ.,
1245 1817 1327 1882 κ.τ.λ.

563 2008 604 2086 ‘11
633 2022 699 2112 περὶ
720 2013 868 2115 πατρίδος
884 2013 1018 2117 Ὀμήρου
1040 2016 1277 2098 απουδαιοτάτη
1296 2016 1453 2117 διατριόὴ,
1470 2018 1514 2107 (ἐν
1531 2021 1551 2115 ᾖ
1569 2023 1655 2092 κατὰ
1681 2019 1760 2090 ’1ου-

519 2139 587 2202 λίου
605 2139 760 2231 Καίσαρος
777 2150 835 2205 τοῦ
853 2141 1058 2234 Σκαλιγήρου,
1077 2153 1135 2208 τοῦ
1153 2142 1209 2209 τόν
1227 2144 1380 2235 Βιργίλιον
1396 2142 1450 2208 καὶ
1470 2140 1599 2208 Σενέκαν
1628 2151 1686 2208 τοῦ
1705 2129 1761 2206 ‘0-

519 2255 615 2346 μόρου
633 2257 687 2321 καί
705 2254 895 2347 Σοφοκλέους
921 2268 1145 2352 προτιμῶντος,
1166 2261 1272 2352 μυρίας
1288 2252 1386 2351 όόρεις
1405 2260 1458 2325 καί
1477 2258 1552 2351 ἀρὰς
1571 2250 1761 2339 ἐξετόξευοε,

519 2370 573 2435 καί
598 2369 679 2460 μετὰ
703 2361 799 2448 ζήλου
826 2362 1052 2465 διϊσχυρίσατο,
1068 2375 1122 2439 καὶ
1142 2373 1316 2465 ἀρκούντως
1336 2362 1508 2454 ἀπόδειξον,
1528 2373 1578 2438 ότι
1596 2372 1628 2438 ἐν
1641 2371 1709 2453 Χίῳ
1729 2373 1762 2437 ἐ·

519 2482 651 2573 γεννῆθη
676 2468 859 2578 θ”Ομηροςί
883 2487 1009 2578 εὕρηται
1037 2477 1222 2580 ἐκδεδομένη
1253 2488 1306 2553 σόν
1334 2496 1380 2569 τῷ
1397 2489 1565 2578 ἐλεγειακῷ
1584 2485 1763 2576 ποιηματίῳ

520 2609 565 2681 τῷ
586 2597 645 2666 ὑπό
660 2591 801 2694 Ἀνδρέου
820 2613 877 2670 τοῦ
896 2614 1030 2671 Βαϊανοῦ
1049 2606 1204 2671 λατινιστί
1229 2602 1499 2697 μεθερμηνευθέντι
1515 2592 1671 2687 (Homeri
1691 2593 1765 2664 Na·

402 2792 404 2796 χ
519 2705 630 2797 tales),
651 2717 704 2782 καὶ
723 2719 755 2783 ἐν
775 2728 821 2800 τῷ
840 2718 925 2785 τέλει
950 2712 1027 2801 (σελ.
1051 2713 1157 2803 1749)
1176 2729 1234 2785 τοῦ
1252 2721 1391 2786 Δεκάτου
1409 2717 1513 2810 Τόμου
1531 2726 1589 2782 τοῦ
1602 2702 1764 2805 Ιθηοοιυροίί

520 2838 584 2896 τῶν
596 2818 787 2904 Ἑλληνικῶν
798 2828 1016 2926 Ἀχαιοτιίτων
1030 2834 1089 2903 ὑπό
1099 2826 1249 2902 Ἰακώόου
1264 2845 1322 2902 τοῦ
1336 2824 1763 2927 Γρονοόίου.ίί..υςό·Βαίον.

524 2939 788 3029 ιοοι-ιιυι.)

1080 3113 1192 3184 XVIII

574 3303 732 3404 Οόρόοινοῦ
762 3326 820 3380 τοῦ
848 3318 1072 3411 Τρισμεγίοτου
1105 3301 1219 3409 Ἀκρου
1248 3311 1425 3408 Ἀρχιερέιος
1459 3306 1592 3410 ἀνδριάς.
1632 3326 1766 3396 nom,

524 3438 668 3509 nmen„
690 3428 731 3504 είς
754 3429 817 3494 θον·

571 3547 750 3634 Ἐλληνιατί
767 3564 974 3657 ’γεγραμμένη
997 3555 1064 3649 ᾠδὴ
1087 3568 1122 3633 ἐκ
1137 3568 1254 3658 στίχων
1269 3565 1471 3638 ἐννενήκοντα
1493 3565 1547 3631 καὶ
1561 3563 1667 3646 πέντε,
1696 3563 1767 3629 ἄνευ

525 3678 685 3751 λατινικῆς
712 3679 944 3770 μεταρράαεως,
964 3675 999 3757 ἧς
1014 3678 1044 3746 οἱ
1058 3691 1187 3772 πρῶτοι,

821 3821 905 3895 Τίμοι
923 3817 1248 3900 προαιιλῶνχροιμάτων
1262 3822 1368 3902 κοόρην
1382 3823 1458 3880 κόνιν

823 3920 953 3996 Αίαχρῶς
967 3915 1080 3991 ἐλαιοτς,
1095 3916 1296 3994 κᾴτολυμαίνει
1311 3923 1343 3976 τό
1357 3928 1431 3987 πᾶν,

823 4018 858 4073 Τί
872 4013 897 4072 δ’
906 4019 935 4072 ἐν
949 4013 1058 4090 λίνοιαι,
1074 4015 1162 4074 κλωσὶ
1175 4019 1200 4075 τ’
1209 4019 1367 4096 εὐθρόπτοις
1381 4017 1467 4073 πόνον

821 4114 964 4191 Ἀκραντα
978 4116 1092 4195 μοχθεῖς
1106 4118 1195 4173 εἰκότ’
1208 4115 1428 4187 ΟΥΡΒΑΝΟΝ,
1441 4116 1571 4194 Γραριθς

825 4213 859 4266 Τί
873 4223 931 4275 τοῖς
946 4225 1100 4292 αμικροταιν
1113 4215 1238 4282 εἰκονίζιι
1252 4216 1299 4271 τόν
1308 4213 1444 4272 MEI'AN
1455 4235 1463 4282 ς

825 4305 951 4380 Ἀπελθ,
961 4306 1062 4366 ότιλθι
1076 4307 1244 4389 ουνόρόμους
1254 4311 1338 4389 ἔχων,
1350 4305 1418 4387 ίόρις

823 4405 977 4485 Ἥραιατος
991 4410 1039 4470 υθς
1052 4409 1174 4487 τέτευχε,
1189 4413 1237 4465 καί
1251 4404 1366 4472 Παλλὰς
1380 4404 1455 4487 ρίλη.

962 4501 1058 4573 κ.τ.λ.,
1098 4503 1194 4577 κ.τ.λ.,
1235 4502 1319 4561 κ.τ.λ.

526 4591 579 4656 καὶ
594 4587 625 4657 οἱ
639 4596 826 4674 τελευταῖοι,

823 4735 860 4791 Σίν
876 4731 901 4789 δ’
916 4733 950 4790 αὖ
965 4739 990 4790 τί
1004 4731 1119 4791 τλετατα
1133 4735 1211 4798 τόξον
1227 4734 1352 4797 ἐκτείναις
1366 4731 1437 4809 πίρα

825 4833 934 4908 Καιροῦ
950 4853 957 4898 ;
978 4833 1085 4910 ἅρυκτα
1100 4827 1226 4906 σχέτλιος
1241 4831 1310 4907 θηρᾷ
1325 4830 1427 4904 μάτην,

826 4932 910 5006 Σιχᾷν
925 4930 1036 5005 ἄμεινον
1050 4925 1175 5004 γλῶσσα,
1189 4935 1236 4987 καί
1250 4936 1314 5005 αιγη
1328 4921 1427 4995 είθιιν,

826 5029 882 5085 Τόν
896 5032 944 5083 καί
957 5023 1053 5083 Πόλου
1068 5021 1226 5102 δρηστῆρες,
1240 5027 1266 5080 αί
1280 5025 1306 5081 τ’
1319 5026 1348 5080 ίν
1361 5031 1399 5099 γη
1412 5022 1488 5078 καίτοι

831 5119 981 5199 Ἐκπαγλα
995 5122 1185 5198 θαυμαίνουαι,
1199 5124 1246 5176 καί
1260 5128 1324 5197 αιχη
1338 5120 1406 5195 γόνυ

830 5222 1010 5299 Κάμιιτοντες
1024 5207 1163 5288 όλθίζουαι
1178 5225 1242 5296 σιγῇ
1255 5220 1303 5274 τόν
1316 5215 1458 5278 ΜΕΓΑΝ.
