4626 6728
1037 1119 1271 1180 ΣΗΜΕΙΩΣΕΙΣ
1572 1127 1575 1133 “
1704 1118 1767 1186 131

551 1264 565 1293 0

530 1325 613 1392 σείου
631 1323 801 1416 εὑρίσκεται
821 1324 990 1391 ἀντίτυπον
1005 1336 1061 1401 τῆς
1079 1327 1109 1391 ἐν
1132 1327 1286 1417 Παρισίοις
1307 1323 1449 1391 κατὰτὸ
1471 1323 1563 1390 1566
1591 1326 1632 1404 εἰς
1655 1329 1773 1420 φύλλον

531 1438 589 1504 ὑπὸ
607 1428 744 1532 Ἐρρίκου
759 1449 816 1506 τοῦ
836 1441 991 1530 Στεφάνου
1007 1437 1198 1515 τυπωθείσης
1219 1433 1440 1528 «Ἀνθολογίας
1454 1430 1609 1532 διαφύρων
1620 1443 1773 1534 ἐπιγραμ-

531 1556 639 1645 μάτων
657 1561 812 1637 παλαιῶν,
832 1556 873 1632 είς
893 1557 974 1622 έπτίι
994 1549 1100 1640 βιύλία
1132 1547 1323 1647 διηρημένης.
1361 1548 1585 1641 Florilegium
1619 1550 1774 1621 diverso-

531 1687 608 1732 rum
627 1665 913 1756 epigrammatum
935 1656 1101 1754 νσιειυιιι,
1121 1664 1154 1732 in
1176 1677 1304 1755 septem
1326 1663 1431 1734 libros
1452 1665 1633 1734 divisum.»
1653 1676 1773 1740 Τούτου

529 1788 570 1852 τὰ
596 1788 775 1881 περιθώρεια
794 1799 857 1854 τῶν
876 1780 1005 1855 σελίδων
1034 1791 1155 1881 βρύουσι
1175 1788 1368 1880 σημειώσεων
1389 1781 1558 1882 ἰδιοχείρων
1577 1802 1634 1857 τοῦ
1652 1785 1773 1858 Ἀλλα-

529 1906 608 1971 τίου,
626 1893 663 1970 ‘0
685 1906 846 1999 χαρακτῆρ
870 1918 926 1983 τῆς
946 1919 1065 1998 γραφῆς
1086 1907 1183 1972 αὐτοῦ
1202 1904 1279 1972 εἶναι
1298 1905 1536 1998 καθαρώτατος,
1558 1908 1773 1975 κανονικώτα-

530 2045 584 2098 τος
599 2024 651 2088 καὶ
672 2021 877 2114 ώραιύτατος,
901 2023 941 2101 ώς
961 2015 1091 2090 δύναται
1111 2025 1126 2090 ὁ
1154 2024 1354 2117 ἀναγνώστης
1370 2025 1407 2090 νά
1428 2016 1477 2112 ίδῆ
1495 2028 1528 2092 ἐκ
1548 2038 1604 2103 τῆς
1624 2027 1697 2118 πρὸς
1718 2028 1773 2094 τδν

530 2129 732 2210 Μαλιαύέκην
762 2141 928 2215 ἐπιστολῆς
947 2140 1056 2221 αὐτοῦ,
1078 2135 1113 2214 ἧς
1145 2141 1396 2230 πανομοιύτυπον
1414 2141 1629 2234 κατεχωρίσθη
1648 2143 1773 2235 ἄντικρυ

532 2262 588 2328 τῆς
609 2251 630 2315 9
650 2243 771 2328 σελίδος
791 2265 847 2328 τῆς
866 2244 1026 2345 διατριύῆς
1045 2254 1172 2329 ταύτης.

579 2477 638 2564 23)
658 2479 756 2561 Οὗτος
787 2479 846 2557 ῆτο
867 2485 1066 2574 πρωτότοκος
1086 2484 1148 2561 υἱὸς
1173 2498 1230 2551 τοῦ
1249 2488 1414 2578 πρίγγιπος
1434 2498 1531 2578 Θωμᾶ
1549 2477 1774 2554 Ῥοδοκανάκι-

528 2588 583 2674 δος
612 2601 665 2664 καὶ
686 2611 741 2676 τῆς
762 2594 892 2678 Ἰουλίας
915 2594 1022 2684 Γκίζη,
1057 2603 1210 2692 γεννηθεὶς
1232 2606 1262 2670 ἐν
1295 2604 1361 2686 Χίῳ
1381 2615 1421 2690 τῇ
1450 2604 1492 2668 12
1513 2597 1697 2695 Δεκεμύρίου
1718 2616 1774 2670 τοῦ

534 2713 637 2781 1518.
659 2708 868 2783 Ἐσπούδασεν
885 2719 915 2783 ἐν
927 2729 972 2798 τῷ
988 2721 1227 2809 Πανεπιστημίῳ
1244 2727 1306 2783 τῶν
1322 2720 1488 2809 Παρισίων,
1503 2720 1556 2784 καί
1576 2718 1656 2808 μετὰ
1669 2729 1774 2784 ταῦτα

531 2830 700 2921 ἐνυμφεύθη
720 2833 751 2897 ἐν
770 2834 947 2923 Φλωρεντίᾳ
972 2845 1012 2921 τῆ
1040 2832 1059 2896 θ
1079 2829 1204 2899 Ἰουνίου
1223 2845 1280 2899 τοῦ
1309 2835 1394 2900 1581
1422 2835 1479 2905 τῆν
1500 2835 1659 2906 νεωτάτην
1675 2834 1775 2925 θυγα-

530 2943 605 3035 τέρα
624 2956 682 3009 τοῦ
713 2948 883 3037 μαρκησίου
914 2950 1098 3039 Λαυρεντίου
1121 2950 1265 3043 Κορσίνη,
1299 2950 1493 3040 προπάτορος
1530 2958 1587 3013 τοῦ
1615 2947 1700 3013 κατὰ
1735 2946 1776 3014 τὰ

533 3061 773 3127 1730-1710
792 3065 1010 3140 παπεύσαντος
1027 3065 1208 3155 Κλήμεντος
1229 3054 1289 3146 113‘,
1307 3056 1535 3156 ὀνομαζομένην
1548 3054 1776 3155 Ἐσμεράλδαν,

530 3178 582 3242 καὶ
602 3169 774 3244 ἀπεώίωσεν
792 3181 823 3243 ἐν
841 3167 945 3271 Ῥώμη
964 3192 1005 3267 τῆ
1035 3180 1047 3242 1
1074 3173 1258 3271 Δεκεμύρίου
1278 3189 1335 3244 τοῦ
1358 3178 1464 3260 1606,
1486 3180 1592 3269 ταφεὶς
1614 3179 1700 3254 ἐντὸς
1721 3189 1777 3254 τῆς

531 3294 696 3371 ἐκκλησίας
728 3305 784 3361 τοῦ
804 3298 892 3387 χάριν
922 3307 984 3362 τῶν
1002 3287 1258 3371 Ἐλληνοπαίδων
1277 3287 1448 3387 ἱδρυθέντος
1469 3296 1701 3387 φροντιστηρίου
1721 3308 1777 3360 τοῦ

529 3395 637 3498 Ἀγίου
669 3403 862 3476 Ἀθανασίου.
889 3400 928 3475 ‘fl
948 3414 1015 3504 περὶ
1036 3408 1069 3488 ῆς
1102 3413 1232 3502 ὀλίγος
1251 3410 1395 3482 λατινικῆ
1416 3412 1607 3501 μετάφρασις
1627 3421 1684 3475 τοῦ
1703 3403 1778 3475 Ἀλ-

529 3527 642 3590 λατίου
661 3520 742 3617 μετὰ
761 3540 817 3593 τοῦ
836 3530 998 3602 ἑλληνικοῦ
1019 3530 1224 3621 πρωτοτύπου
1245 3538 1301 3593 τοῦ
1320 3528 1486 3618 πρίγγιπος
1505 3515 1665 3616 Θεοδώρου
1697 3525 1778 3591 ἀπο·

528 3643 614 3706 τελεῖ
645 3633 764 3709 κώδικα
793 3637 968 3735 (σχήματος
986 3646 1116 3736 φύλλου,
1137 3643 1336 3736 συγκειμένου
1356 3645 1389 3708 ἐκ
1413 3643 1482 3708 310
1514 3632 1645 3706 σελίδων
1665 3640 1778 3706 ἑκατέ-

528 3755 621 3847 ρωθεν
647 3762 882 3853 γεγραμμένων,
909 3760 950 3828 ών
970 3764 1087 3835 ἑκάστη
1117 3765 1277 3854 σύγκειται
1297 3764 1331 3828 ἐκ
1362 3761 1407 3826 31
1428 3768 1590 3851 γραμμῶν,
1612 3757 1702 3833 ἐκτδς
1722 3769 1778 3833 τῆς

529 3870 651 3962 πρώτης
672 3877 739 3953 ῆτις
753 3878 886 3967 περιέχει
905 3879 962 3951 τῆν
982 3879 1152 3970 ἐπιγραφὴν
1171 3882 1223 3943 καὶ
1243 3878 1310 3951 ῆτις
1330 3865 1545 3966 σύγκειταιέξ
1566 3871 1625 3953 26,
1647 3873 1700 3936 καί
1721 3883 1778 3947 τῆς

529 3992 715 4067 τελευταίας
723 3995 757 4058 ἐκ
773 3996 785 4059 1
797 3991 843 4078 5),
855 3986 1094 4086 διατηρούμενον
1106 3998 1136 4060 ἐν
1146 4005 1185 4079 τῆ
1197 3997 1424 4079 Βαλιτσελιανῆ
1436 3982 1631 4075 βιύλιοθῆκη,
1643 4011 1779 4082 γεγραμ-

528 4107 619 4201 μένον
638 4112 688 4177 ἐπὶ
719 4113 851 4203 χάρτου,
870 4111 923 4175 καί
943 4101 1129 4200 δεδεμμένον
1155 4108 1194 4198 μὲ
1213 4088 1408 4198 μεμώράναν,
1424 4107 1473 4170 ἐπὶ
1494 4115 1549 4180 τῆς
1569 4102 1678 4177 ὁποίας
1700 4097 1777 4166 είναι
1852 4100 1855 4105 ’

527 4228 648 4294 έντυπα
667 4229 697 4292 ἐν
714 4237 759 4309 τῷ
776 4227 892 4317 κέντρῳ
908 4218 960 4290 διὰ
977 4236 1091 4317 χρυσοῦ
1110 4223 1151 4288 τὰ
1169 4221 1323 4313 οίκόσημα
1339 4232 1396 4286 τοῦ
1415 4214 1598 4299 Ἀλλατίου,
1616 4207 1777 4298 δηλονότι,

528 4353 658 4434 χρυσοῦς
687 4341 778 4425 λέων,
800 4342 909 4433 ὄρθιος,
927 4344 961 4408 ἐκ
979 4341 1116 4430 πλαγίου
1136 4339 1326 4430 μαχόμενος,
1346 4338 1399 4403 καί
1417 4336 1498 4427 έχων
1517 4334 1580 4399 ἄνω
1601 4346 1657 4409 τῆς
1677 4357 1779 4422 κεφα-

528 4463 586 4534 λῆς
602 4457 719 4549 ἀστέρα
739 4455 888 4533 ώσαύτως
922 4466 1052 4548 χρυσοῦν
1083 4456 1132 4520 ἐπὶ
1151 4463 1265 4519 κυανοῦ
1292 4452 1398 4544 θυρεοῦ
1430 4447 1698 4543 περικυκλωμένου
1719 4446 1778 4514 ὑπὸ

528 4573 651 4664 ἐρυθρᾶς
672 4573 793 4649 ταινίας
826 4571 971 4663 φερούσης
989 4571 1128 4661 ἀργυροῖς
1148 4570 1310 4664 γράμμασι
1329 4567 1367 4633 τδ
1386 4565 1479 4658 ρητθν
1500 4570 1638 4631 ΜΗΔΕΝ
1659 4570 1778 4644 ΑΓΛΝ,

528 4690 582 4755 καὶ
602 4685 793 4777 στεφομένου
813 4684 872 4752 ὑπὸ
889 4675 1084 4775 διαδήματος
1101 4684 1233 4774 ἀρχαίου
1252 4683 1416 4777 εὐγενείας.
1435 4673 1474 4764 (ε)

580 4913 639 5003 21)
659 4916 861 5012 Πρωτογενῆς
880 4914 943 4993 υἱδς
962 4927 1019 4982 τοῦ
1038 4917 1203 5008 πρίγγιπος
1234 4915 1432 5005 Φραγγίσκου
1446 4896 1706 4981 Ῥοδοκανοίκιδος
1724 4907 1778 4970 καὶ

529 5047 586 5113 τῆς
615 5034 784 5126 Δωροθέας,
803 5026 1025 5125 δευτεροτύκου
1054 5029 1205 5121 θυγατρὸς
1230 5040 1287 5094 τοῦ
1307 5031 1473 5124 πρίγγιπος
1504 5037 1560 5102 τῆς
1579 5024 1657 5089 Χίου
1676 5010 1778 5113 Ἱερω-

529 5152 636 5245 νύμου
653 5146 865 5232 ’1ουστινιοίνη,
891 5150 944 5216 καί
962 5147 1116 5239 ἑπομένως
1136 5137 1270 5238 ἀδελφὸς
1288 5139 1488 5237 πρεσύύτερος
1505 5154 1563 5210 τοῦ
1577 5138 1579 5144 ’
1593 5141 1778 5232 Δημητρίου,

570 5351 609 5464 (ε)
633 5382 684 5448 m.
700 5388 731 5447 τὸ
746 5385 902 5458 οίκύσημον
917 5390 1000 5438 τοῦτο
1014 5387 1043 5437 ῆν
1058 5388 1097 5452 τῷ
1117 5376 1175 5441 ίθθ
1189 5370 1328 5457 φυλλαθίῳ
1343 5369 1414 5451 (σιλ.
1432 5368 1502 5460 162)
1517 5377 1565 5435 τῆς
1583 5366 1777 5446 ιΠανθώρσς,ι
