4644 6758
719 1074 786 1141 {3⁰
862 1078 923 1137 ΕΙΣ
938 1077 1016 1136 Tot(
1032 1077 1124 1135 mou
1141 1079 1211 1135 ΚΑΙ
1230 1079 1281 1134 ΤΑ
1301 1074 1589 1136 ΣΥΓΓΡΑΜΜΑΤΑ
1609 1073 1815 1132 ΑΛΛΑΤΙΟΥ.

714 1284 769 1383 (τίς
790 1288 898 1380 μικρὸν
924 1285 981 1350 8Ον
996 1287 1031 1352 ἐκ
1061 1283 1125 1352 23⁴
1153 1274 1307 1368 σελίδων),
1328 1287 1382 1352 καί
1403 1276 1523 1372 σπουδῇ
1551 1295 1657 1350 Αουιιᾶ
1677 1284 1884 1363 Χολστενίου,
1905 1280 1966 1348 ὑπὸ

714 1406 771 1478 τὴν
792 1406 975 1496 ἐπιγραφήν,
996 1393 1098 1463 Liber
1128 1393 1280 1463 Diurnus
1305 1394 1537 1463 Romanorum
1560 1390 1770 1461 Pontificum
1803 1414 1849 1459 ex
1874 1389 1964 1460 anti·

713 1512 881 1606 quissimo
898 1509 1023 1580 Codice
1056 1509 1127 1577 MS.
1160 1532 1251 1579 nunc
1270 1508 1419 1602 primum
1442 1507 1477 1576 in
1501 1507 1613 1577 lucem
1644 1505 1768 1577 odilus.
1802 1511 1843 1578 Τὸ
1861 1513 1966 1578 νόστι-

713 1659 771 1725 μον
799 1631 876 1700 εἶναι
896 1633 946 1697 ὅτι
964 1629 980 1697 ὃ
1000 1624 1140 1707 Ἰωάννης
1160 1630 1317 1724 Γαρνίριος
1345 1621 1481 1705 οὐδόλως
1503 1641 1638 1695 ποιεῖται
1659 1628 1766 1718 μνείαν
1796 1639 1852 1703 τῆς
1874 1616 1967 1693 ἐκδό-

712 1770 787 1823 σεως
805 1747 922 1821 ταύτης
938 1743 979 1821 είς
1000 1745 1042 1810 τά
1062 1744 1277 1836 προλεγόμενα
1297 1755 1352 1821 τῆς
1375 1735 1473 1820 ἰδικῆς
1489 1767 1558 1808 του·

726 2004 731 2016 ’
762 1987 821 2076 20)
852 1981 887 2057 ‘O
914 1985 953 2055 F·
973 1988 1158 2056 ARGELATI
1178 1990 1333 2082 ὑπεσχόθη
1354 1994 1384 2058 ἐν
1403 2001 1449 2074 τῷ
1468 1991 1691 2083 συγγράμματι
1712 1988 1810 2055 αὑτοῦ
1826 1997 1872 2070 τῷ
1892 1988 1961 2053 ἐπι·

712 2108 908 2200 γραφομένῳ,
919 2100 1078 2193 ΕμὶοιοΙιυ
1096 2099 1177 2168 viris
1192 2099 1335 2169 eruditis
1351 2099 1559 2169 Graecarum
1576 2118 1609 2167 et
1625 2097 1823 2167 Latinarum
1840 2095 1960 2166 litera·

712 2230 826 2287 tarum
845 2217 1068 2288 amatoribus.
1080 2215 1324 2306 (ἣοιιειτιιιιι,
1341 2218 1459 2306 ΠΗ),
1473 2225 1522 2288 ὅτι
1534 2221 1616 2288 θέλει
1629 2212 1824 2311 δημοσιεόσει
1835 2210 1887 2285 διὰ
1902 2231 1959 2286 τοῦ

712 2342 813 2407 τύπου
832 2340 1001 2430 συλλογήν,
1022 2338 1224 2429 περιέχουσαν
1240 2339 1345 2404 πάντα
1363 2338 1404 2403 τά
1424 2329 1593 2404 ἐκδοθέντα
1612 2336 1688 2428 ἔργα
1706 2347 1763 2402 τοῦ
1778 2330 1958 2402 Ἀλλατίου.

713 2447 742 2520 fl
767 2453 932 2544 ὑπόσχεσις
960 2453 1041 2525 αὕτη
1071 2453 1215 2543 περιττὸν
1244 2452 1281 2515 νά
1307 2454 1398 2528 είπω,
1422 2453 1471 2516 ὅτι
1491 2441 1628 2526 οὐδόλως
1648 2450 1961 2541 ἐπραγματοποιιίθη·

714 2569 917 2662 Σημειωτόον,
930 2561 987 2634 ότι
1007 2562 1144 2644 ἅπαντες
1164 2566 1192 2634 οἱ
1211 2568 1300 2659 μέχρι
1319 2559 1413 2633 τοῦδε
1431 2569 1461 2633 ἐν
1481 2581 1548 2643 τοῖς
1569 2557 1723 2658 διαφόροις
1753 2568 1821 2658 περὶ
1840 2561 1961 2633 Ἀλλα-

715 2687 783 2751 τίου
803 2685 1108 2778 πραγματευομένοις
1127 2685 1255 2769 βιβλίοις
1281 2686 1458 2775 κατάλογοι
1474 2694 1537 2749 τῶν
1553 2684 1690 2749 ἐντώπων
1707 2684 1961 2774 συγγραμμάτων

713 2801 810 2866 αὐτοῦ
828 2800 884 2866 εἰσί
900 2802 971 2865 λίαν
1000 2802 1150 2875 ἐλλειπεῖς
1166 2800 1220 2863 καὶ
1240 2797 1313 2889 ὑπέρ
1334 2798 1371 2863 τὸ
1388 2791 1458 2863 δέον
1480 2799 1639 2889 σφαλεροί,
1655 2799 1728 2872 ἴσως
1743 2788 1826 2863 διότι
1842 2795 1872 2863 οἱ
1888 2801 1960 2888 ἐρα-

712 2918 813 2983 νισταὶ
830 2917 933 2982 αὐτῶν
953 2917 1022 2981 ἀντὶ
1052 2915 1089 2980 νά
1109 2916 1262 3007 ρυπάνωσι
1283 2916 1390 3010 ὀλίγον
1407 2917 1478 2990 τοὺς
1497 2907 1672 2991 δακτύλους
1691 2918 1961 3006 φυλλολογοῦντες

712 3033 753 3097 τά
781 3025 846 3099 ίδια
865 3045 921 3099 τοῦ
940 3027 1110 3098 Ἀλλατίου
1130 3033 1312 3122 ποιήματα,
1333 3033 1416 3108 ὅπως
1437 3033 1559 3097 τούτων
1578 3031 1635 3107 τάς
1665 3031 1836 3123 ἐπιγραφάς
1856 3057 1961 3098 κατα·

710 3145 880 3238 γράψωσιν,
910 3149 1130 3238 σἰντιγράφουσι
1150 3148 1207 3222 τὰς
1229 3146 1287 3213 ὑπὸ
1310 3158 1367 3211 τοῦ
1395 3149 1529 3228 Βαόλου,
1561 3146 1691 3238 Μορέρη,
1711 3148 1875 3255 Φρεχόρου,
1889 3136 1962 3211 ‘Po-

710 3264 790 3345 σίου,
808 3266 941 3356 Χάλαμ,
960 3267 1013 3329 καί
1034 3264 1141 3329 ἄλλων
1160 3264 1319 3339 ἀλλήλους
1338 3259 1598 3354 άντιγραψάντων
1617 3255 1828 3354 λεξικολόγων
1846 3262 1866 3336 ἢ
1884 3289 1961 3355 χρυ·

710 3382 871 3472 υογράφων
891 3380 1130 3470 ἀναφερομένας.

760 3601 820 3691 21)
854 3607 948 3672 Κατὰ
976 3607 1030 3673 τόν
1057 3591 1168 3697 Ἀγιον
1193 3594 1388 3698 Ἱερώνυμον,
1416 3606 1579 3698 ημᾶλλον
1599 3608 1684 3672 κατά
1704 3608 1759 3673 τὸν
1779 3611 1963 3702 συγγραφέα

642 3737 644 3740 “
713 3734 776 3788 τῶν
794 3712 965 3814 Ἐόραϊκῶν
996 3711 1217 3814 Παραδόσεων,
1248 3722 1494 3813 ἡΝεκρόμαντις
1516 3720 1699 3794 Πυθώνισσα
1726 3722 1820 3805 αὕτη,
1839 3725 1907 3815 περί
1926 3719 1961 3800 ἧς

712 3850 863 3914 τοσοῦτος
882 3837 1004 3928 γίνεται
1023 3837 1118 3926 λόγος
1139 3838 1169 3901 ἐν
1188 3830 1570 3912 ταῖςιἜιικλησιαστιιιαῖς
1591 3826 1800 3927 συγγραφαῖς,
1820 3833 1882 3933 inq
1901 3839 1965 3929 μή·

714 3979 770 4042 τηρ
803 3962 860 4018 τοῦ
886 3943 1004 4042 Ἀόνόμ
1024 3962 1081 4016 τοῦ
1107 3949 1172 4015 υἱοῦ
1188 3961 1246 4016 τοῦ
1266 3952 1334 4042 Nep·
1364 3951 1449 4016 κατὰ
1476 3941 1571 4016 Δαυίδ
1605 3941 1640 4016 δὲ
1657 3951 1713 4015 τόν
1731 3958 1878 4042 Κιμχλῆν
1904 3946 1964 4025 ἧτο

714 4069 791 4159 γυνὴ
811 4080 868 4134 τοῦ
885 4067 1067 4158 Σωφρονίου,
1086 4067 1140 4131 καί
1165 4065 1250 4132 κατὰ
1269 4059 1406 4132 Φλάώιον
1425 4061 1574 4139 Ἰώσηπον
1590 4062 1667 4139 ἦτον
1685 4066 1791 4145 ἁπλῶς
1828 4070 1961 4150 ἐπαίτις,

716 4187 783 4262 ἥτις
803 4175 937 4274 ἐκίρδιζε
960 4184 1001 4247 τά
1020 4183 1095 4274 πρός
1113 4183 1151 4248 τὸ
1166 4173 1233 4269 ζῇν,
1254 4183 1494 4276 ἐπαγγελομόνη
1513 4182 1570 4252 τὴν
1589 4184 1751 4274 μαντείαν.

765 4408 824 4495 22)
854 4412 1045 4503 Σημειωτίυν
1061 4413 1122 4495 ὅτι,
1144 4414 1233 4490 ἐκτὸς
1249 4423 1312 4480 τῶν
1331 4412 1600 4506 μνημονευθίντων
1619 4414 1758 4479 ἑντόπων
1777 4416 1964 4509 πονημάτων

715 4541 772 4595 τοῦ
791 4521 974 4608 Ἀλλατίου,
993 4526 1164 4617 ὑπάρχουσι
1194 4529 1483 4619 κατακεχωρημὲνα
1498 4530 1528 4594 ἐν
1549 4528 1707 4605 πλείστοις
1727 4525 1966 4622 συγγράμμασιν

716 4634 863 4713 Ελλήνων
883 4639 1099 4731 συγγραφέων,
1120 4639 1179 4706 ὑπό
1200 4652 1301 4732 σοφῶν
1324 4633 1442 4734 ἀνδρῶν
1470 4644 1555 4709 κατά
1575 4633 1880 4736 διαφόρουςκαιροώς
1896 4646 1965 4710 ’ἐα-

716 4749 890 4849 δεδομόνων
906 4747 972 4823 ἴδια
991 4757 1088 4822 αὐτοῦ
1108 4755 1237 4848 σχόλια,
1257 4748 1442 4850 διορθώσεις,
1472 4755 1691 4851 μεταφράσεις,
1713 4758 1892 4841 ἐπιστολαί,
1912 4762 1966 4824 ιιαὶ

718 4875 857 4939 ποικίλαι
891 4871 1078 4963 ἀναγνώσεις
1099 4864 1229 4955 (variae
1249 4864 1435 4956 lectiones).
1455 4855 1559 4951 ’λξιαι
1578 4865 1613 4941 δὲ
1632 4877 1820 4967 περιιργείας
1837 4871 1914 4940 εἶναι
1934 4873 1966 4939 αἱ

718 4986 934 5062 πολυπληθεϊς·
947 4985 1124 5076 σημειώσεις
1153 4990 1206 5053 καὶ
1227 4990 1465 5080 παρατηρήσεις,
1498 4988 1530 5055 αἱ
1550 4983 1601 5055 ὑπ’
1616 4989 1714 5056 αὐτοῦ
1734 5001 1898 5081 γραφεῖσαι
1924 4989 1965 5063 εἰς

720 5103 764 5167 τά
777 5102 943 5193 ,περιόώρια
972 5104 1127 5176 πλείστων
1145 5097 1273 5188 βιόλίων
1288 5117 1353 5181 ,τῆς
1371 5099 1551 5198 Βαρερινῆς
1570 5108 1698 5181 καὶτῆς
1719 5114 1966 5172 Barim-ssa-

719 5219 849 5290 λατινῆς
865 5208 1075 5298 βιόλιοθήιιης,
1103 5218 1139 5294 άς
1152 5242 1205 5310 περ
1226 5218 1242 5284 ό
1261 5219 1319 5293 τὴν
1339 5208 1460 5311 Ῥώμην
1487 5221 1748 5312 ἐπισκεπτόμενος
1763 5208 1895 5285 δώνιιταί
1915 5221 1966 5286 εὖ·

720 5329 821 5405 κόλως
836 5328 873 5394 νά
887 5318 939 5422 ίδη
955 5334 1142 5422 περιεργείας
1159 5320 1258 5425 χάριν.
1278 5328 1328 5399 Ἐν
1337 5342 1387 5424 τῇ
1402 5328 1585 5420 βιίλιοίιίκῃ
1603 5347 1660 5402 τοῦ
1676 5345 1860 5425 Βριτανυιοῖι
1881 5345 1967 5424 Μου-
