4644 6758
693 1109 737 1176 32
1116 1112 1295 1174 ΛΕΟΝΤΟΣ
1311 1115 1509 1175 Anauros

693 1322 746 1386 καὶ
772 1318 830 1393 τὴν
846 1319 923 1386 τότε
941 1317 1117 1392 ἀθλιότητα
1137 1317 1330 1413 ἱστοροῠσαν,
1357 1323 1410 1389 καὶ
1432 1319 1572 1416 ἀρρωγλν
1596 1320 1682 1389 κατὰ
1699 1331 1764 1389 τῶν
1781 1321 1936 1414 τυράννων

693 1433 789 1512 αὑτῆς
808 1428 879 1527 παρ’
897 1433 995 1501 αὐτοῦ
1015 1433 1173 1503 αἰτοῦσαν.
1200 1429 1255 1502 Ἐκ
1281 1447 1339 1503 τοῦ
1358 1427 1579 1531 ριλοπάτριδος
1598 1437 1715 1505 τούτου
1745 1436 1936 1529 ποιήματος,

693 1557 750 1612 τοῦ
768 1550 821 1615 καὶ
842 1551 873 1614 ἐν
891 1560 932 1636 τῆ
949 1549 1031 1640 ἀρχῇ
1059 1560 1115 1626 τῆς
1141 1548 1182 1626 εἰς
1208 1549 1264 1616 τόν
1282 1540 1360 1616 ἴδιον
1379 1551 1546 1643 Μονάρχην
1563 1552 1649 1619 κατὰ
1667 1551 1705 1618 τό
1730 1550 1821 1618 ⁴648
1854 1552 1937 1635 ἔτος,

692 1663 958 1755 προσρωνηθεόσης
978 1655 1087 1748 βίόλου
1113 1664 1223 1745 αὐτοῦ,
1238 1675 1295 1742 τῆς
1314 1664 1560 1758 ἐπιγραφομένης
1582 1659 1633 1729 Do
1648 1657 1812 1729 Ecclesiae
1831 1658 1939 1730 Ocni·

693 1768 835 1840 dentalis
851 1785 954 1864 atque
969 1768 1155 1841 Orientalis
1172 1783 1335 1865 perpetua
1352 1772 1589 1865 consensione,
1602 1780 1827 1873 εὑρισκομένου,
1835 1807 1939 1871 παρα-

693 1906 832 1984 τηρεῖται
853 1894 902 1960 ότι
928 1893 1023 1984 ἐμίσιι
1042 1891 1058 1958 ό
1077 1892 1207 1971 ποιητὴς
1226 1894 1296 1986 οὐχὶ
1315 1892 1356 1972 ὡς
1380 1896 1461 1972 τόνις
1486 1906 1591 1973 κακῶς
1617 1886 1771 1974 ἐδόξασαν
1789 1895 1848 1969 τὴν
1863 1920 1937 1988 γον·

693 2013 831 2086 νῆσασαν
849 2011 945 2080 αὐτόν
970 2011 1087 2104 χώραν,
1109 2012 1193 2078 ἀλλὰ
1214 2015 1287 2091 τοὺς
1306 2014 1480 2105 Θσολόγους
1498 2014 1608 2097 αὐτῆς,
1628 2016 1701 2092 τοὺς
1721 2015 1816 2082 παντὶ
1841 2012 1939 2080 σθένει

693 2130 872 2204 κωλύοντας
899 2126 957 2199 τὴν
985 2126 1090 2193 ἕνωσιν
1111 2137 1168 2204 τῆς
1198 2120 1402 2205 Ἀνατολικῆς
1430 2128 1483 2194 καὶ
1504 2140 1561 2205 τῆς
1582 2138 1713 2205 Δυτικῆς
1739 2121 1938 2204 Ἐκκλησίας.

692 2243 862 2338 Ἀνάγνωθι
881 2244 938 2318 τὴν
959 2247 1002 2311 50
1031 2235 1144 2312 usaria
1169 2257 1227 2312 τοῦ
1246 2236 1279 2310 Β’
1299 2244 1399 2338 τόμου
1429 2255 1486 2312 τοῦ
1505 2238 1674 2338 ἀξιολόγου
1692 2244 1939 2337 συγγράμματος

692 2355 729 2423 L'
748 2351 959 2423 Hellenisme
975 2375 1017 2422 an
1033 2351 1166 2438 Franoe
1186 2351 1307 2441 (Paris,
1330 2359 1437 2441 ⁴869,
1458 2351 1494 2421 in
1515 2343 1576 2453 8⁰.)
1595 2371 1653 2426 τοῦ
1671 2359 1820 2435 πλείστης
1847 2368 1939 2449 τιμῆς

695 2470 782 2555 ἀξίου
791 2480 845 2545 καὶ
862 2476 1147 2569 πολυμαθιστάτου
1162 2477 1345 2569 καθηγητοῦ
1357 2488 1414 2554 τῆς
1429 2464 1612 2554 Ἑλληνικῆς
1627 2477 1831 2568 Φιλολογόας,
1847 2468 1939 2543 Ἀκα-

694 2585 849 2686 όημαϊκοῦ
860 2593 973 2684 Κυρίου
989 2583 1030 2654 Ε.
1048 2584 1173 2677 Egger.

1265 2831 1363 2902 XXV

742 3047 901 3118 Tiberius
925 3044 1099 3138 Sophista,
1119 3043 1351 3135 Herodianus,
1370 3043 1769 3135 ῑσελιοουι,1λοιιιαουι,
1790 3038 1941 3111 Michael

697 3163 906 3257 apostolius,
923 3172 956 3232 et
972 3160 1058 3249 allii,
1079 3160 1120 3231 de
1141 3158 1266 3252 figuris
1285 3157 1482 3247 rhetoricis,
1501 3157 1670 3251 Georgius
1690 3155 1939 3228 Ghoerobosens

693 3281 735 3350 dn
754 3280 862 3373 tropis
890 3278 1048 3372 poeticis,
1068 3275 1237 3368 Georgius
1256 3274 1462 3370 Pahymeres
1482 3274 1524 3344 de
1539 3273 1742 3367 probatione
1771 3270 1936 3365 capitum,

694 3403 728 3462 et
746 3392 807 3462 alii
832 3391 874 3461 da
898 3391 1001 3461 rebus
1019 3388 1214 3463 rhetoricis.
1242 3390 1358 3459 Graece
1382 3400 1416 3458 et
1445 3386 1580 3476 Latine,
1611 3409 1702 3456 nune
1721 3384 1825 3480 primi
1843 3382 1938 3455 editi.

696 3529 814 3596 noun,
830 3525 1022 3595 urentur„
1038 3512 1079 3587 εἰς
1101 3513 1163 3578 ρον.

742 3757 859 3838 Μικροῦ
877 3746 975 3838 λόγου
989 3736 1063 3821 ἄξια
1079 3746 1146 3835 περὶ
1161 3750 1320 3836 ρητορικῆς
1334 3740 1446 3832 τέχνης
1461 3738 1719 3831 συγγραμμάτια.

1261 3976 1373 4048 XXVI

746 4200 921 4269 Romanae
949 4194 1221 4281 aedificationes,
1248 4201 1385 4263 curatae
1404 4189 1424 4260 a
1443 4188 1562 4260 Laelio
1580 4185 1707 4277 Biscia,
1733 4207 1778 4257 ex
1807 4182 1942 4257 Clerioo

698 4313 868 4387 Camerali
882 4314 914 4386 S.
926 4315 966 4384 R.
978 4313 1017 4382 E.
1031 4308 1204 4383 cardinali
1219 4309 1240 4379 a
1253 4309 1368 4378 Leone
1382 4304 1511 4379 Allatio
1531 4304 1752 4397 conscriptae;
1782 4300 1825 4371 ad
1839 4297 1944 4370 llius·

698 4429 905 4502 strissimnm
922 4440 956 4500 et
967 4426 1305 4498 Reverendissimum
1335 4425 1375 4494 D.
1387 4423 1431 4496 D.
1442 4420 1630 4513 Georgium
1646 4417 1844 4490 Cornelium
1858 4415 1925 4506 Epi

699 4569 841 4642 scopum
856 4541 1290 4635 Patauinum,Comitemq;
1302 4542 1504 4610 Saoeensem
1520 4549 1943 4627 ete.1>rrrvrr,uocxnrv.,

700 4669 741 4746 εἰς
764 4671 851 4735 4202·

748 4885 1205 4992 Ἐόδομηκονταπσντεσὲλιδον
1236 4885 1406 4985 βιόλιάριον
1434 4889 1576 4982 περιέχον
1608 4885 1796 4980 περιγραφὴν
1824 4895 1888 4950 τῶν
1913 4885 1944 4948 ἐν

700 5004 804 5107 Ῥώμῃ
819 5015 869 5081 ἐπὶ
886 5024 943 5079 τοῦ
958 5013 1051 5079 πάπα
1067 5012 1195 5076 Παόλου
1213 5020 1271 5076 τοῦ
1299 4997 1333 5073 Ε’
1350 5005 1409 5074 ὑπό
1424 5017 1482 5073 τοῦ
1499 5005 1689 5097 περιωνύμου
1711 4998 1944 5092 ἀρχιτέκτονος,

702 5120 911 5221 Καρδιναλίου
930 5128 1058 5194 Λαιλίου
1082 5126 1200 5199 Βῆσκια
1228 5120 1451 5216 ἀντγσρθόντων
1477 5101 1796 5210 οἰκοδομημάτων.Ὀ
1811 5111 1945 5187 Bimae

702 5236 738 5311 ii
757 5239 847 5320 οὗτος
865 5239 942 5309 εἶναι
958 5242 1052 5318 αὐτὸς
1066 5243 1192 5323 ἐκεῖνος,
1202 5240 1288 5315 όστις
1306 5227 1420 5305 ἔδωκεν
1437 5235 1552 5302 ἄσυλον
1566 5236 1597 5301 ἐν
1613 5242 1655 5321 τῇ
1669 5230 1784 5297 ἑαυτοῦ
1803 5225 1887 5309 οἰκίᾳ
1901 5234 1947 5308 τῷ

704 5359 864 5446 ’Δλλατίῳ
883 5360 965 5454 μετὰ
982 5357 1041 5432 τὴν
1059 5361 1096 5425 ἐκ
1113 5370 1171 5437 τῆς
1186 5362 1325 5449 ρυλακῆς
1340 5350 1591 5445 ἀπιλιυθόρωσιν.
