4626 6728
848 1054 1115 1119 ΕΚΔΕΔΟΜΕΝΑ
1140 1059 1438 1119 ΣΥΓΓΡΔΜΜΑΤΑ.

943 1255 1019 1314 «Νῦν
1033 1252 1075 1312 ὅτ’
1089 1256 1159 1333 ἔχεις
1173 1223 1277 1333 μέτροέ
1287 1250 1368 1324 iiim,

945 1348 1050 1416 ιΟίδός
1063 1355 1165 1420 ίπέστη
1179 1355 1325 1426 κατάντης,

947 1446 1095 1525 »Αίμὺλοις
1114 1447 1221 1529 κέρδεά
1235 1453 1358 1524 ἄπιστος,

949 1547 1024 1604 »Καὶ
1038 1542 1155 1603 δολιατσι
1167 1542 1279 1625 τρίάοις,

1008 1639 1116 1701 ami.
1157 1641 1267 1700 κ.τ.λ.»

1127 1795 1161 1868 Χ

577 1925 627 1998 De
647 1927 781 2016 Pseliis,
814 1937 986 2001 eteorum
1019 1929 1164 2024 scriptis.
1188 1929 1350 2021 diatriba;
1384 1931 1426 2003 ad
1445 1929 1709 2002 Nobilissimum
1739 1942 1773 2003 et

530 2039 811 2115 Eruditissimum
826 2043 948 2115 Virum
960 2045 1122 2117 Iacobum
1137 2046 1377 2137 Gaiiarellum‚
1395 2048 1434 2116 D.
1450 2045 1587 2140 Aegidii
1604 2046 1770 2118 Priorem.

529 2178 662 2247 ιιοιιιε,
677 2179 889 2250 uncum,
907 2167 948 2244 εἰς
966 2168 1030 2233 έον·

578 2298 640 2362 Καὶ
667 2298 698 2362 ἐν
712 2307 758 2380 τῷ
777 2295 910 2388 πέμπτῳ
936 2299 1023 2391 τόμῳ
1045 2311 1101 2376 τῆς
1128 2311 1185 2366 τοῦ
1203 2292 1369 2391 Φαίρικίου
1388 2300 1549 2377 έλληνικῆς
1569 2292 1771 2385 βιάλιοθὴκης

530 2411 706 2504 περιέχεται
725 2412 763 2478 τὸ
783 2402 923 2504 δοκίμιον
942 2424 1050 2496 τοῦτο,
1066 2414 1104 2480 τὸ
1123 2415 1420 2509 πραγματευόμενον
1434 2416 1501 2506 περὶ
1515 2425 1578 2480 τῶν
1597 2412 1683 2480 κατά
1701 2440 1773 2481 και·

529 2531 596 2620 ροὺς
617 2530 826 2621 ἀκμασάντων
845 2532 898 2595 καί
917 2530 975 2602 τὴν
995 2533 1168 2623 ἐπωνυμίαν
1185 2532 1302 2608 Ψελλὸς
1323 2523 1484 2597 λαίίέντων
1501 2530 1715 2623 συγγραφέων,
1730 2531 1772 2607 είς

531 2645 678 2724 τὸτέλος
705 2657 762 2712 τοῦ
780 2646 888 2713 ὁποίου
916 2648 1098 2740 προσέθεσεν
1128 2649 1144 2715 ὁ
1170 2641 1332 2740 Φαάρίκιος
1363 2649 1582 2743 πραγματείαν
1604 2638 1776 2713 ἀνέκδοτον

531 2759 660 2851 Μιχαὴλ
679 2765 812 2843 Ψελλοῦ,
826 2762 911 2838 ὅστις
930 2764 1118 2853 ἐχρημάτισε
1146 2753 1339 2840 διδάσκαλος
1358 2774 1415 2828 τοῦ
1433 2772 1495 2827 τῶν
1510 2752 1702 2839 Βυζαντινῶν
1715 2761 1779 2827 Ais·

531 2877 719 2967 τοκράτορος
734 2875 864 2978 Μιχαὴλ
880 2876 994 2956 Δούκα,
1013 2865 1262 2968 διατηρουμένην
1281 2868 1400 2969 μεταξὺ
1418 2887 1480 2940 τῶν
1499 2878 1710 2968 χειρογράφων
1724 2887 1780 2952 τῆς

532 2991 562 3055 έν
590 2982 771 3081 Ἀμίοάργῳ
790 2982 988 3074 βιάλιοθὴκης
1008 3001 1066 3055 τοῦ
1084 2979 1191 3082 ’Δγίου
1210 2985 1364 3072 Ἰωάννου,
1385 2993 1439 3056 καὶ
1454 2981 1549 3062 τάνδε
1566 2990 1625 3063 τὴν
1649 2993 1779 3083 ἐπιγρα·

532 3107 591 3198 φὴν
617 3105 775 3198 φέρουσαν.
799 3096 1020 3173 «Διδασκαλία
1036 3098 1224 3181 παντοδαπὴ
1243 3110 1295 3174 καί
1323 3108 1449 3184 πάντως
1469 3108 1722 3203 ἀναγκαιοτάτη,
1746 3108 1777 3174 ἐν

531 3223 646 3290 ἑκατὸν
673 3223 875 3296 ἐννενήκοντα
900 3223 973 3315 πρὸς
1002 3237 1069 3301 τοῖς
1095 3224 1239 3317 τέσσαρσι
1258 3227 1437 3316 κεφαλαίοις
1457 3225 1659 3317 θεωρουμένη,
1679 3227 1773 3317 χωρὶς

532 3351 595 3414 τῶν
620 3331 866 3432 σχεδιασθέντων
893 3339 1004 3432 ἐτέρων
1022 3332 1174 3434 διαφέρων
1192 3343 1296 3434 λόγων
1313 3346 1365 3410 καὶ
1384 3344 1501 3434 στίχων
1519 3342 1592 3434 πρὸς
1611 3332 1774 3434 διαφόρους

533 3456 703 3540 ὑποθέσεις,
721 3457 881 3524 ἐκταθεῖσα
901 3458 975 3550 πρὸς
993 3458 1048 3525 τὴν
1068 3453 1293 3526 εὐσεάέστατον
1310 3463 1364 3526 καὶ
1384 3451 1523 3551 ἀοίδιμον
1543 3458 1681 3526 Βασιλέα
1707 3461 1773 3525 Κά-

532 3598 595 3665 ριον
624 3570 753 3663 Μιχαὴλ
771 3572 826 3638 τὸν
842 3573 945 3638 Δοάκα
963 3572 1184 3665 Αὐτοκράτορα
1199 3575 1356 3665 γεγονότα
1375 3595 1402 3639 υ.
1422 3573 1472 3651 Είς
1491 3572 1549 3650 τάς
1563 3587 1643 3666 τρεῖς
1660 3577 1773 3640 τελευ·

534 3689 625 3765 ταίας
641 3677 766 3764 σελίδας
780 3697 836 3752 τοῦ
850 3679 1020 3779 βιάλιαρίου
1033 3688 1160 3770 τοίιτου,
1178 3699 1235 3754 τοῦ
1253 3691 1320 3781 περὶ
1333 3699 1396 3756 τῶν
1414 3695 1541 3756 Ψελλῶν
1551 3690 1605 3755 καὶ
1619 3700 1682 3754 τῶν
1696 3714 1774 3780 συγ·

534 3816 659 3899 γραφῶν
678 3804 781 3871 αὐτῶν
799 3804 1108 3899 πραγματευομένου,
1128 3805 1329 3872 ἀπαιτῶνται
1346 3799 1380 3884 ἓξ
1398 3807 1453 3872 τὴν
1472 3805 1597 3899 ἀριθμὸν
1621 3807 1773 3898 ἐπιγράμ-

534 3945 623 4011 ματα
639 3930 696 3986 τοῦ
715 3913 895 4001 Ἀλλατίου,
915 3914 957 3984 ὧν
975 3917 1013 3985 τὸ
1031 3928 1154 4010 πρῶτον
1171 3919 1209 3986 τὸ
1233 3920 1304 3998 «είς
1318 3921 1376 3995 τὴν
1390 3911 1540 3998 Εὐδοξίαν
1554 3912 1686 4016 σύζυγον
1698 3930 1757 3986 Θιο
1820 3908 1823 3913 ’

533 4025 640 4101 δοσίου
656 4043 714 4099 τοῦ
732 4031 892 4124 Νεωτέρου
910 4053 924 4090 υ
945 4031 1076 4124 άρχεται
1101 4022 1153 4099 διά
1167 4043 1231 4100 τῶν
1248 4035 1378 4126 στίχων,

773 4216 873 4285 Μῆλον
886 4216 952 4275 ίδετν
965 4217 1113 4278 κάλλιστον
1126 4223 1243 4278 Ἀνακτι
1257 4225 1389 4300 γεωργὸς,
1403 4224 1528 4297 Ἀνάσση

774 4309 877 4371 ’simae'
895 4314 991 4384 Ἀναί,
1006 4313 1138 4389 Παυλίνῳ
1158 4313 1247 4395 δῶρον
1260 4318 1384 4378 Ἀνασσα
1399 4315 1479 4397 φίλῳ,

771 4405 821 4473 Ὃς
835 4412 1062 4486 έπαγασσάμενος
1077 4412 1208 4488 μεγέθους
1217 4430 1257 4483 τε,
1271 4421 1339 4492 φυῆς
1349 4431 1389 4483 τε,
1403 4417 1559 4492 Κρατοῦντι

773 4512 863 4582 Amas,
877 4510 989 4587 πρέπειν
1004 4510 1123 4588 φάμενος
1137 4521 1198 4567 τοτα
1214 4508 1336 4569 Μέδοντι
1349 4513 1416 4589 γέρα

931 4601 1026 4680 κ.τ.λ.,
1067 4603 1162 4678 κ.τ.λ.,
1202 4605 1287 4667 κ.τ.λ.

535 4765 573 4831 τδ
588 4755 731 4856 δεύτερον
743 4764 781 4830 τὸ
804 4763 871 4842 «εἰς
884 4765 1094 4857 Δημώνασσαν
1109 4780 1165 4845 τῆς
1180 4768 1304 4861 Κάπρου
1322 4767 1504 4854 βασίλισσαν
1520 4788 1534 4825 υ
1554 4757 1606 4834 διά
1620 4776 1682 4833 τῶν
1696 4757 1773 4844 iim·

772 4923 885 5000 Ἀρῤεσι
900 4926 967 5000 πρὸς
982 4919 1051 4995 δυσί,
1066 4929 1113 4981 καί
1127 4925 1215 5003 κούρη
1229 4935 1279 5001 μιᾳ
1294 4921 1387 4990 δλάιος
1401 4926 1482 4999 οὖσα,

771 5021 949 5096 Δημώνασσα
963 5023 1063 5096 νόμους
1077 5031 1148 5099 τρεῖς
1162 5025 1312 5100 Κυπρίοισι
1326 5024 1398 5081 ίέτο.

772 5117 874 5195 Μοιχίς
888 5117 1039 5194 κειραμένη
1051 5118 1216 5195 πορνευέτω·
1238 5117 1308 5193 αἶψα
1322 5115 1347 5174 δ’
1361 5123 1459 5198 ἐπαίρει

774 5210 972 5291 Μοιχιυέετσα,
987 5215 1082 5292 τρίχας
1095 5214 1246 5291 κειραμένη
1260 5215 1382 5295 θυγάτηρ

912 5305 1007 5383 κ,τ.λ.,
1047 5307 1142 5384 κ.τ.λ.,
1181 5308 1267 5372 κ.τ.λ.
