4644 6758
538 1123 604 1191 133
719 1125 781 1186 ΕΙΣ
800 1128 850 1183 ΤΔ
872 1117 1161 1184 ΣΥΓΓΡΑΜΜΔΤΔ
1180 1121 1360 1180 ΛΕΟΝΤΟΣ
1378 1123 1588 1183 ΑΛΔΔΤΙΟΥ·

533 1337 601 1426 περὶ
618 1327 655 1399 οὗ
673 1323 721 1398 ίδε
740 1329 799 1404 τὴν
826 1330 872 1398 26
903 1330 1075 1421 σημείωσιν.
1095 1321 1261 1422 Ἐγεννήθη
1280 1327 1296 1392 ό
1313 1326 1467 1419 Στέφανος
1486 1328 1517 1393 ἐν
1549 1327 1703 1418 Παρισίοις
1722 1325 1784 1398 τὴν

535 1451 580 1517 20
602 1441 787 1541 Δικεμόρίου
817 1458 874 1513 τοῦ
895 1445 988 1511 4590
1016 1443 1116 1525 trous,
1138 1443 1236 1533 ἔκαμε
1255 1440 1312 1518 τὰς
1332 1433 1468 1520 σπουδάς
1488 1443 1586 1509 αὑτοῦ
1607 1444 1638 1509 έν
1656 1452 1702 1525 τῷ
1722 1445 1786 1510 ἐκεῖ

535 1563 776 1653 Πανεπιστημίῳ
807 1561 861 1627 καλ
880 1555 998 1651 ἔγραψε
1027 1570 1164 1665 παντοῖα
1184 1557 1370 1648 φιλολογικὰ
1389 1559 1443 1622 καὶ
1463 1556 1601 1648 ἱστορικά
1622 1558 1785 1649 συγγράμ·
1897 1634 1900 1639 ,

534 1706 623 1774 ματα
643 1680 814 1761 έλληνιστί,
833 1679 984 1769 γαλλιστὶ
1012 1677 1065 1741 καὶ
1103 1675 1271 1756 λατινιστί,
1293 1675 1386 1740 ἅτινα
1419 1675 1524 1740 πάντα
1560 1665 1786 1748 ἐκδοθθσονται

534 1797 694 1888 συντόμως
710 1795 791 1889 μετὰ
805 1797 929 1860 πάντων
948 1803 1011 1857 τῶν
1028 1791 1118 1884 μέχρι
1137 1782 1232 1857 τοῦδε
1250 1781 1427 1857 ἀνεκδότων
1446 1788 1465 1862 ’λ
1485 1781 1695 1877 ἐκδεδομένων
1707 1815 1786 1883 συγ·

534 1913 729 2005 γραμμάτων
762 1921 825 1977 τῶν
857 1909 1036 2002 γραφέντων
1063 1907 1123 1974 ὑπὸ
1142 1896 1422 1989 Ῥοδοκανακιδῶν,
1443 1904 1462 1979 λ
1480 1905 1786 2000 πραγματευομένων

536 2031 629 2120 μόνον
648 2031 717 2120 περὶ
735 2038 793 2095 τοῦ
808 2016 1066 2092 Ῥοδοκανακείου
1082 2026 1190 2106 Οἴκου,
1212 2024 1453 2116 συγγραφέντων
1472 2014 1507 2089 δὲ
1526 2022 1585 2090 ὑπὸ
1605 2023 1711 2089 ἄλλων
1731 2026 1787 2090 άν·

535 2137 626 2237 δρῶν,
646 2144 704 2212 ὑπό
725 2144 913 2236 πολυμαθῶν
932 2141 1101 2234 ὁμογενῶν,
1122 2150 1224 2231 σοφῶν
1243 2121 1393 2232 ’Δγγλων
1412 2146 1625 2232 συμπολιτῶν,
1655 2142 1709 2207 καὶ
1729 2165 1787 2207 πε·

536 2260 691 2350 ριωνόμων
721 2267 882 2349 Γερμανῶν
902 2254 1071 2347 ἱστορικῶν.
1091 2247 1243 2333 Ἐξέδωκε
1269 2246 1304 2321 δὲ
1330 2246 1383 2320 διά
1408 2265 1465 2322 τοῦ
1485 2256 1585 2322 τόπου
1604 2255 1642 2322 τὸ
1662 2267 1787 2349 πρῶτον

539 2366 608 2463 μετ’
625 2364 704 2449 ίδίας
724 2377 884 2447 λατινικῆς
916 2370 1189 2462 μεθερμηνεύσεως,
1204 2381 1249 2453 τῷ
1273 2370 1379 2453 4648,
1401 2372 1431 2436 ἐν
1457 2372 1624 2461 Παρισίοις,
1645 2371 1686 2449 εἰς
1705 2374 1785 2463 φύλ-

536 2479 592 2554 δον
609 2482 687 2570 (σελ.
708 2482 804 2570 340),
822 2488 875 2553 καὶ
898 2485 1021 2551 ἀνέθεσε
1049 2497 1090 2573 τῇ
1111 2488 1277 2569 βασιλίσσῃ
1296 2497 1353 2562 της
1373 2485 1511 2561 Γαλλίας
1545 2466 1639 2569 Ι’Δννη
1658 2499 1699 2574 τῇ
1719 2486 1782 2552 Αὐ-

536 2614 680 2694 στριακῇ,
696 2605 788 2694 μητρὶ
806 2613 863 2669 τοῦ
883 2593 1072 2667 Δουδοάίκου
1087 2592 1147 2684 1Δ’,
1163 2602 1201 2668 τὸ
1222 2592 1390 2668 σπουδαῖον
1409 2599 1561 2691 ἱστορικόν
1579 2601 1783 2692 σύγγραμμα,

536 2719 575 2784 τὸ
595 2718 710 2812 γραφὲν
730 2715 788 2783 ὑπὸ
807 2727 864 2783 τοῦ
885 2717 1079 2808 προπάτορος
1099 2717 1208 2799 αὐτοῦ,
1230 2707 1386 2781 δεσπότου
1406 2716 1579 2806 Δημητρίου
1598 2726 1657 2780 τοῦ
1675 2703 1785 2781 Ῥοδο·

536 2825 717 2909 κανάκιδος,
738 2843 795 2898 τοῦ
824 2832 980 2898 καὶκατὰ
999 2831 1041 2897 τὰ
1060 2837 1231 2898 τελευταῖα
1264 2831 1321 2905 έτη
1342 2843 1398 2907 τῆς
1420 2830 1579 2914 βασιλείας
1606 2841 1664 2896 τοῦ
1682 2831 1786 2897 Αὐτο-

535 2947 684 3037 κράτορος
719 2939 861 3012 Ἰωάννου
892 2937 1264 3041 Η’τοϋῐ1αλαιολόγου,
1292 2947 1432 3037 μεγάλου
1466 2935 1575 3022 δουκδς
1606 2957 1663 3021 τῆς
1695 2954 1788 3011 Κων·

537 3060 823 3138 σταντινουπόλεως
842 3062 1104 3152 χρηματίσαντος.
1123 3060 1164 3125 Τὸ
1183 3062 1374 3152 σύγγραμμα
1389 3069 1486 3126 τοῦτο
1507 3058 1621 3151 ἱστορεῖ
1641 3059 1683 3126 τά
1702 3058 1788 3126 κατὰ

538 3174 595 3247 τὴν
630 3176 792 3260 βασιλείαν
807 3175 938 3265 Μιχαὴλ
959 3165 1011 3257 Η’,
1032 3165 1216 3267 Ᾱνδρονίκου
1235 3166 1283 3256 B'‚
1304 3166 1497 3265 Ἀνδρονίκου
1511 3165 1558 3256 Ι”,
1576 3168 1718 3241 Ἰωάννου
1738 3165 1788 3256 E',

538 3289 688 3361 Μανουὴλ
707 3280 754 3370 B'‚
776 3283 916 3354 Ἰωάννου
936 3280 989 3369 Η’,
1005 3291 1058 3354 καὶ
1081 3289 1321 3354 Κωνσταντίνου
1343 3278 1404 3370 1Γ’,
1420 3299 1483 3354 τῶν
1498 3289 1739 3380 Παλαιολόγων,
1761 3291 1795 3354 ἐν

539 3415 609 3477 ταῖς
630 3393 831 3478 Βυζαντιναῖς
852 3400 966 3493 χώραις
985 3393 1222 3492 διαπραχθέντος
1240 3401 1299 3468 ὑπὸ
1330 3401 1388 3472 τὴν
1420 3403 1604 3493 ἐπιγραφήν,
1625 3396 1793 3465 Demetrii

540 3505 854 3596 Rhodocannkidis,
875 3507 991 3599 Magni
1021 3508 1140 3595 Ducis,
1174 3508 1351 3597 Annales;
1389 3530 1468 3577 cum
1488 3508 1643 3578 versione
1672 3509 1793 3580 Latina

541 3634 576 3693 et
602 3621 881 3695 annotationibus
923 3623 1086 3717 Stephani
1128 3623 1445 3712 Rhodocanakidis,
1484 3625 1665 3719 Principis.
1703 3627 1795 3700 Ἔτι·

541 3750 675 3821 λεότησε
694 3738 729 3814 δὲ
749 3750 780 3814 ἐν
802 3751 869 3831 Χίῳ
889 3748 988 3820 τὴνθ
1017 3743 1207 3840 Ἰανουαρίου
1236 3759 1293 3815 τοῦ
1329 3748 1421 3817 ί680
1452 3749 1552 3834 έτους,
1583 3751 1717 3842 ἄγαμος.
1752 3751 1795 3817 Τό

543 3866 612 3955 περὶ
640 3859 676 3928 οὗ
710 3862 727 3930 ό
759 3863 856 3954 λόγος
892 3862 1097 3958 χειρόγραφον
1117 3861 1194 3930 εἶναι
1223 3863 1437 3956 γεγραμμένον
1465 3866 1515 3931 ἐπὶ
1553 3865 1657 3932 άπλοῦ
1675 3866 1796 3956 χάρτου
1885 3920 1888 3927 .

545 3978 587 4055 είς
614 3977 699 4074 μέγα
731 3967 856 4068 ὄγδοον,
887 3981 941 4044 καὶ
963 3980 1146 4045 συνίσταται
1174 3981 1209 4044 ἐκ
1229 3980 1298 4046 230
1320 3971 1463 4061 σελίδων,
1485 3982 1598 4056 αἵτινες
1619 3971 1799 4071 διαφέρουσι

547 4095 634 4161 κατὰ
660 4094 716 4160 τὸν
746 4092 873 4184 ἀριθμόν
905 4103 969 4160 τῶν
993 4105 1157 4187 γραμμῶν,
1175 4087 1208 4172 ἐξ
1227 4095 1330 4172 αἰτίας
1362 4105 1425 4162 τῶν
1444 4097 1618 4189 χασμάτων
1640 4097 1683 4162 τά
1703 4098 1798 4165 ὁποῖα

547 4207 752 4298 προέρχονται
771 4209 806 4273 ἐκ
824 4217 887 4273 τῶν
907 4210 1083 4301 ἐπιγραφῶν
1099 4200 1297 4301 ὀγδοήκοντα
1313 4211 1471 4301 τεσσάρων
1490 4201 1645 4303 διαφόρων
1663 4215 1798 4305 ποιημά·

548 4350 612 4390 των
629 4327 781 4400 παντοίας
799 4323 888 4405 ὕλης,
915 4325 1007 4391 ἅτινα
1026 4326 1223 4418 περιέχονται
1251 4328 1282 4392 ἐν
1302 4326 1400 4408 αὐτῷ,
1422 4328 1618 4419 φυλάττεται
1638 4319 1673 4395 δέ
1709 4330 1796 4408 ἐντός

549 4437 672 4531 ἐρυθρᾶς
692 4429 875 4528 δερματίνης
891 4438 985 4516 θήκης
1014 4441 1086 4507 ἄνευ
1108 4432 1230 4519 οὐδενός
1250 4451 1365 4533 χρυσοῦ
1389 4439 1408 4514 θ
1428 4443 1559 4535 ἀργυροῦ
1577 4445 1795 4536 κοσμήματος,

551 4555 605 4620 καὶ
624 4551 789 4619 ἀπόκειται
821 4546 891 4644 μετ’
903 4553 1009 4621 ἄλλων
1030 4556 1102 4621 λίαν
1135 4545 1314 4621 σπουδαίων
1332 4557 1601 4646 συγγραμμάτων,
1621 4558 1675 4622 καὶ
1695 4558 1799 4624 αὐτῶν

552 4659 740 4752 ἀνεκδότων,
759 4681 816 4736 τοῦ
834 4671 944 4754 αὐτοῦ,
964 4673 996 4738 ἐν
1018 4683 1060 4758 τῇ
1078 4673 1109 4737 ἐν
1131 4660 1235 4762 Ῥώμῃ
1255 4677 1484 4760 Βαλιτσελιανῇ
1499 4665 1695 4758 βιθλιοθθκη,
1716 4677 1746 4742 ἐν
1764 4671 1797 4761 ᾖ,

553 4782 595 4862 ὣς
613 4788 667 4852 καὶ
685 4786 832 4876 ἀλλαχοῦ
850 4786 966 4878 ἐρρέθη,
978 4777 1130 4864 σώζονται
1148 4787 1202 4852 καὶ
1220 4785 1262 4852 τά
1283 4791 1419 4852 πλεῖστα
1439 4797 1502 4852 τῶν
1521 4789 1732 4882 χειρογράφων
1750 4789 1798 4871 βι-

556 4895 651 4970 όλίων
670 4913 727 4970 τοῦ
747 4895 928 4970 Ἀλλατίου.

607 5126 666 5215 25)
690 5127 1000 5228 Νιότεροςάδελφδς
1019 5145 1076 5202 τοῦ
1096 5136 1261 5228 πρίγγιπος
1280 5135 1466 5228 Δημητρίου,
1486 5135 1617 5202 πάππου
1644 5142 1702 5197 τοῦ
1721 5157 1800 5222 μνη·

560 5246 756 5336 μονευθέντος
790 5252 947 5341 Στεφάνου
979 5243 1044 5335 (θλ.
1074 5276 1145 5342 σημ.
1181 5250 1240 5333 24,
1272 5251 1303 5316 έν
1321 5253 1385 5316 σελ.
1414 5243 1509 5332 ίθί),
1530 5248 1583 5312 καὶ
1601 5255 1659 5310 τοῦ
1680 5270 1800 5336 μνημο-

560 5361 781 5455 νιυθησομένου
808 5368 982 5458 Δημητρίου
1014 5361 1077 5452 (βλ.
1106 5379 1178 5457 σημ
1200 5366 1259 5451 26,
1288 5368 1320 5433 ἐν
1350 5370 1415 5432 οιλ.
1447 5348 1540 5454 434).
1576 5351 1734 5454 Ἐγεννήθη
1771 5364 1804 5429 ἐν
1904 5408 1907 5415 -
