4644 6758
546 1116 614 1190 tte
728 1128 790 1186 ata
809 1128 859 1186 aa
881 1123 1170 1187 nrrrnanaanaa
1191 1129 1370 1191 aeonion
1390 1135 1598 1193 annaniae.

542 1318 663 1410 γίνειαν
690 1320 810 1391 ταύτην
832 1310 1023 1415 συγγένειαν.
1049 1320 1091 1385 Τό
1112 1320 1190 1386 atet
1216 1320 1286 1399 ἔτος
1306 1322 1447 1396 ἀπῆλθον
1464 1322 1479 1390 ό
1496 1324 1551 1415 μὲν
1570 1324 1710 1414 πενθερός
1731 1325 1790 1391 τό·

542 1448 599 1500 τοῦ
624 1436 665 1511 είς
685 1430 849 1527 Ἀγγλίαν,
870 1435 945 1502 ἔνθα
964 1437 1017 1501 καί
1039 1426 1169 1528 διέμεινε
1189 1436 1279 1529 μέχρι
1298 1450 1354 1517 τῆς
1383 1445 1545 1519 τελευτῆς,
1564 1439 1658 1516 αότδς
1693 1429 1728 1506 δὲ
1747 1440 1790 1515 ’τίς

540 1700 621 1774 datan.
631 1702 672 1756 Τό
681 1696 835 1775 πολύτιμον
850 1709 930 1756 τοῦτο
941 1704 1077 1777 ίστορικόν
1088 1696 1203 1776 βιόλίον,
1214 1705 1251 1764 ὡς
1262 1700 1442 1781 συμπληροῦν
1451 1707 1501 1772 τῆν
1512 1707 1603 1782 σειράν
1615 1715 1669 1761 τῶν
1680 1706 1791 1772 Budua-
1836 1684 1839 1688 ⁴

540 1807 621 1852 τινῶν
630 1806 840 1875 χρονικῶν,τῶν
860 1792 1042 1871 ίκδιδομάνων
1056 1800 1111 1853 ὑπό
1126 1800 1175 1864 τήν
1185 1800 1349 1877 ἑπιγραφῆν,
1359 1801 1472 1879 Corpus
1484 1801 1668 1880 Scriptorum
1688 1801 1792 1861 Hiaio-

539 1891 590 1952 riae
607 1892 787 1972 Byzantinae,
806 1895 835 1948 ίν
858 1894 950 1967 Βόννη
972 1901 1021 1958 τῆς
1035 1894 1190 1969 Γερμανίας
1213 1895 1267 1948 tat
1286 1905 1379 1974 σοφῶν
1403 1892 1510 1972 ἀνδρῶν
1538 1905 1586 1962 τῆς
1617 1892 1792 1970 Ἀκαδημίας

538 2002 586 2046 τοῦ
602 1987 761 2069 Βερολίνου,
788 1989 854 2047 ὅσον
868 1992 947 2047 οὔπω
974 1992 1008 2045 δά
1027 1987 1195 2065 δημοσιευθῆ
1219 1995 1248 2047 ἐν
1266 2002 1301 2068 τῆ
1321 1990 1446 2070 συλλογῆ
1465 1995 1576 2070 ταύτῃ).
1599 1993 1660 2054 The
1680 1995 1747 2054 Lusi
1762 1995 1795 2053 οί

538 2087 588 2150 the
603 2088 700 2149 Greek
715 2090 891 2168 Emperors;
919 2107 963 2160 οι,
979 2087 1029 2149 the
1044 2088 1103 2150 Fall
1118 2089 1150 2150 οί
1163 2090 1422 2170 Constantinepie;
1443 2092 1565 2153 written
1581 2091 1620 2171 by
1640 2094 1793 2153 Konstan-

537 2187 615 2247 tinos
629 2188 664 2247 1).
679 2187 1045 2263 Rhodoeanakis,Gneeian
1066 2188 1098 2250 οί
1112 2187 1160 2250 tite
1176 2189 1231 2250 tste
1250 2190 1282 2250 οί
1299 2188 1395 2266 Chios,
1424 2199 1493 2265 ete,
1513 2190 1571 2251 and
1589 2190 1745 2252 dedicated
1761 2201 1792 2251 tn

538 2286 577 2341 lt.
588 2288 610 2340 1.
625 2286 649 2344 ii
663 2285 767 2347 Prinee
782 2286 939 2347 Panteieon
950 2288 985 2347 D.
1001 2286 1233 2363 RbndoeanakiS,
1248 2297 1317 2362 ete,
1331 2296 1388 2349 ete.
1403 2288 1534 2362 London,
1549 2289 1671 2350 Printed
1687 2287 1725 2367 by
1743 2291 1792 2349 W.

538 2380 584 2453 0.,
594 2379 623 2439 in
633 2379 684 2442 the
699 2400 770 2460 year
786 2381 873 2457 ί670,
888 2387 925 2446 τίς
941 2384 1002 2457 άον,
1019 2389 1067 2439 καί
1081 2387 1152 2440 κατὰ
1162 2389 1193 2440 τό
1205 2384 1292 2455 idid,
1303 2389 1340 2448 τίς
1354 2383 1470 2464 φόλλον,
1485 2391 1540 2443 ίιπό
1559 2390 1609 2453 τὴν
1626 2388 1793 2463 ἐπιγραφήν,

535 2477 727 2539 Constantine
738 2479 817 2543 Xill,
828 2478 1034 2558 Palaeologus;
1051 2497 1094 2552 or,
1107 2479 1156 2540 the
1171 2479 1230 2540 Fati
1241 2480 1273 2541 οί
1284 2481 1529 2562 Constantinople
1542 2506 1549 2548 ς
1563 2481 1682 2542 written
1698 2479 1737 2559 by
1754 2482 1792 2538 tt.

536 2580 558 2633 l.
570 2578 603 2635 ii.
614 2578 718 2637 Prinne
732 2577 923 2641 Constantine
937 2577 1170 2653 Rhodocanakis,
1180 2579 1303 2639 Greeian
1315 2580 1347 2639 οί
1361 2579 1410 2640 the
1424 2579 1483 2640 lsie
1499 2580 1531 2641 οί
1543 2579 1640 2653 Chios,
1652 2587 1795 2653 ete.,ete.‚

536 2673 594 2733 and
608 2672 764 2735 dedicated
788 2683 819 2734 to
838 2674 888 2733 iiis
916 2674 1050 2753 imperial
1070 2673 1212 2753 Highness
1240 2674 1346 2735 Prinee
1367 2674 1527 2735 Pantaleon
1558 2673 1793 2745 Rhodeeanakis‚

535 2770 648 2832 Titular
662 2772 821 2851 Severeign
844 2772 876 2832 οί
901 2771 951 2833 the
971 2773 1130 2850 Byzantina
1149 2773 1278 2853 Empine,
1292 2774 1351 2834 and
1367 2773 1541 2851 Hereditary
1558 2773 1658 2833 Grand
1679 2774 1794 2832 diaster

536 2867 568 2928 οί
581 2866 630 2927 tite
645 2869 721 2928 diost
739 2869 822 2946 dely,
837 2872 915 2929 Most
935 2867 1026 2929 Nabla
1044 2869 1102 2929 and
1117 2870 1193 2930 Most
1208 2869 1372 2932 lilastnittus
1387 2870 1497 2931 orders
1516 2871 1548 2931 οί
1565 2869 1648 2930 Saint
1663 2870 1796 2947 George,

536 2963 594 3023 and
607 2964 640 3025 ῦί
651 2964 732 3025 Saini
747 2964 868 3026 Michaei
887 2965 957 3043 (Τῆς
971 2963 1140 3029 πολυτελοῦς
1159 2971 1206 3021 καί
1224 2969 1340 3031 σπανίας
1362 2964 1487 3044 δευτέρας
1506 2963 1640 3028 ίκδόσιως
1666 2976 1716 3020 τοῦ
1731 2984 1788 3019 πο-

535 3057 651 3138 λυτίμου
665 3058 700 3117 δι’
710 3059 826 3118 ἕκαστον
843 3058 969 3129 Ἕλληνα
984 3067 1125 3139 ἱστορικοῦ
1139 3064 1238 3118 τοότου
1255 3058 1363 3138 βιόλίου
1381 3067 1430 3131 τὴν
1454 3061 1568 3140 ὕπαρξιν
1595 3064 1728 3138 ῆγνόουν,
1743 3060 1788 3118 ότε

534 3161 589 3232 πρὸ
608 3155 710 3235 ὀλίγων
725 3169 821 3233 μηνῶν
832 3163 879 3232 μοί
890 3161 1128 3235 ἑγνωστυποίηστν
1139 3160 1225 3226 αὐτὴν
1240 3165 1287 3215 καί
1301 3161 1363 3235 μετ’
1373 3157 1468 3238 όλίγας
1481 3163 1586 3239 ἡμέρας
1600 3166 1648 3236 μοί
1664 3155 1787 3234 ὲδώρησε

535 3258 566 3310 τό
583 3252 652 3312 ίδιον
663 3258 756 3342 ιαίιτοῦ
772 3259 920 3312 ἀντίτυπον
933 3258 949 3310 ό
964 3254 1050 3319 όντως
1069 3259 1182 3332 εὐγενής
1195 3255 1318 3334 Ἀγγλος
1336 3261 1481 3336 πατρίκιος
1499 3257 1572 3335 Euri,
1585 3258 1618 3319 οί
1635 3255 1786 3317 Lonsdale-

535 3351 709 3430 Ἀμφότεροι
730 3356 758 3408 αί
781 3350 900 3415 ἐκδόσεις
918 3363 1145 3430 προσφωνοῦνται
1160 3355 1214 3408 ίιπό
1232 3363 1282 3408 τοῦ
1298 3355 1477 3433 συγγραφέως
1496 3364 1536 3427 τῷ
1551 3349 1731 3432 πεφιλημίνῳ
1755 3354 1788 3405 ά-

535 3448 626 3527 δελφῷ
640 3453 725 3506 αὑτοῦ
740 3448 869 3524 Παντελῆ
887 3475 898 3500 ι
914 3453 1020 3527 Tomy
1039 3447 1162 3510 beloted
1176 3447 1299 3511 brother
1310 3451 1423 3512 Panieli
1438 3479 1449 3503 ι
1466 3449 1538 3513 όστις
1552 3451 1722 3528 προίτρσψιν
1733 3452 1788 3504 ad·-

535 3552 583 3602 τόν
599 3546 645 3602 ίνα
672 3545 841 3623 όημοσιτόσῃ
868 3550 900 3603 τό
922 3543 1026 3622 βιόλίον
1062 3552 1146 3624 «πρός
1164 3550 1246 3625 χάριν
1265 3559 1320 3603 τῶν
1339 3550 1511 3624 ἀγαπώντων
1539 3552 1587 3612 τάς
1618 3549 1787 3614 Βυζαντινάς

534 3645 629 3720 χώρας
656 3646 813 3720 Βρετανῶν,
835 3640 943 3713 οίτινες,
962 3643 1197 3720 ἀναγινώσκοντος
1216 3647 1253 3706 είς
1272 3647 1321 3711 τῆν
1340 3641 1410 3699 ίδίαν
1424 3641 1568 3701 διάλεκτον
1582 3646 1632 3710 τὴν
1647 3645 1787 3722 ἀφήγησιν

535 3751 583 3807 τῆς
597 3739 757 3819 πολιορκίας
771 3746 817 3797 καί
836 3738 965 3805 ἁλώσεως
983 3751 1031 3808 τῆς
1050 3739 1382 3813 Κωνσταντινουπόλιως,
1401 3753 1450 3799 τοῦ
1464 3745 1586 3819 ἡρωϊκοῦ
1602 3742 1721 3797 θανάτου
1736 3751 1786 3796 τοῦ

537 3839 694 3896 τελευταίου
715 3837 925 3915 βασιλεύσαντος
940 3843 969 3898 ίν
984 3843 1054 3916 αὐτῆ
1069 3842 1272 3919 αὐτοκράτορος
1287 3844 1498 3898 Κωνσταντίνου
1512 3845 1561 3896 καί
1574 3849 1622 3906 τῆς
1636 3841 1787 3917 ἀπανθρώ-

536 3957 590 3992 που
610 3946 726 4016 σφαγῆς,
740 3933 889 4014 διασπορᾶς
908 3942 955 3992 καί
965 3934 1157 4015 αίχμαλωσίας
1176 3945 1224 4002 τῆς
1242 3933 1352 4000 ἐνδόξου
1370 3933 1537 4002 Ἑλληνικῆς
1556 3933 1651 4015 φυλῆς,
1665 3930 1787 3991 λάόωσιν

536 4035 643 4105 οἶκτον,
656 4037 704 4088 καί
722 4034 954 4110 συμμαχήσοντες
969 4036 1038 4107 μετά
1053 4044 1108 4090 τῶν
1128 4031 1221 4089 ἄλλων
1235 4042 1283 4100 τῆς
1297 4030 1416 4112 ὺφηλίου
1430 4042 1481 4110 γῆς
1500 4044 1695 4110 χριστιανικῶν
1710 4030 1787 4087 λαῶν

536 4126 753 4206 ἐλευδιρόισωσιν
773 4131 857 4197 αὐτὴν
876 4139 924 4196 τῆς
938 4127 1059 4207 σκληράς
1073 4127 1208 4201 δουλείας,
1223 4127 1401 4192 ίκδιώιιοντες
1420 4133 1457 4193 είς
1474 4131 1525 4196 τῆν
1544 4130 1641 4189 Ἀσίαν
1655 4131 1689 4185 τά
1704 4130 1789 4207 στίφη

490 4264 500 4283 .
537 4235 592 4280 τῶν
607 4220 752 4303 βαρόάρων
767 4228 907 4303 τυράννων
926 4227 1009 4292 αὐτῆς
1032 4230 1080 4280 καί
1099 4222 1274 4288 άποδίδοντες
1297 4222 1371 4281 οὕτω
1392 4235 1451 4288 τοτς
1470 4226 1620 4303 ἀπογόνοις
1634 4227 1684 4292 τὴν
1700 4227 1786 4298 άμοι-

538 4317 589 4388 όῆν
607 4333 655 4389 τῆς
674 4325 895 4400 εὐγνωμοσύνης,
913 4327 948 4390 ἣν
967 4319 1095 4402 όφείλουν
1110 4334 1166 4387 τοϊς
1184 4320 1228 4379 διά
1247 4333 1302 4379 τῶν
1321 4324 1545 4401 συγγραμμάτων
1564 4324 1655 4378 αὐτῶν
1675 4319 1786 4379 ίκπολι-

537 4421 642 4474 τίσασιν
661 4421 761 4482 αὐτοὺς
783 4421 938 4496 προγόνους
966 4421 1085 4475 αὐτῶν·
1106 4420 1156 4477 Ἐν
1185 4428 1219 4494 τῆ
1237 4415 1496 4496 τριακοντασελίδῳ,
1515 4417 1642 4495 ἀγγλιστί
1660 4438 1787 4496 γεγραμ-

538 4515 609 4589 μίνη
636 4516 722 4590 ταότη
750 4516 942 4593 προσφωνῆσει
960 4511 1095 4591 διηγεῖται
1118 4517 1152 4570 τά
1171 4511 1313 4589 συμόάντα
1342 4517 1417 4588 αίιτῷ
1435 4518 1507 4571 κατά
1526 4519 1576 4582 τῆν
1609 4519 1638 4571 ἐν
1666 4512 1786 4592 Ἀγγλία

538 4605 672 4683 διαμονὴν
692 4612 788 4684 αὑτοῦ,
806 4610 980 4687 προσδίττων
996 4611 1037 4686 [ἐν
1051 4618 1086 4686 τῆ
1104 4613 1296 4690 προσφωνῆσαι
1315 4621 1362 4678 τῆς
1381 4608 1508 4689 δευτέρας
1532 4615 1618 4686 μόνον
1641 4608 1787 4679 ίκδόστως,

538 4710 603 4787 οόχί
621 4704 650 4763 δὲ
675 4713 788 4774 καὶτῆς
819 4710 954 4786 πρώτηςί,
973 4705 1014 4765 ότι
1035 4706 1183 4788 ιίφόλαξεν
1206 4706 1386 4788 άπαράόατον
1404 4713 1456 4778 τῆν
1483 4713 1645 4788 ὑπόσχεσιν,
1664 4713 1698 4776 ῆν
1727 4711 1786 4795 εἶχε

538 4802 620 4863 διὐσιι
634 4808 720 4880 αὐτῷ,
734 4805 780 4864 ότι
795 4809 970 4886 ἀνεχώρησεν
989 4809 1021 4864 ίκ
1039 4810 1126 4880 Χίου,
1140 4804 1183 4867 διδ
1203 4810 1235 4864 νά
1251 4806 1405 4886 σπουδάση,
1420 4812 1452 4865 νά
1467 4813 1506 4885 μῆ
1521 4812 1590 4889 φὲρη
1608 4814 1656 4865 τόν
1670 4812 1784 4884 οίκογε-

539 4907 649 4959 νειακόν
677 4905 762 4960 σίιτοῦ
786 4901 888 4977 τίτλον,
908 4905 941 4959 ἂν
959 4906 1107 4983 άπεφάσιζι
1127 4907 1159 4959 νά
1179 4902 1320 4981 σπουδάση
1338 4911 1387 4967 καί
1423 4904 1540 4981 μιτίλδη
1571 4909 1604 4961 τό
1623 4900 1785 4978 ίπάγγελμσ

538 5012 588 5057 τοῦ
607 5005 714 5079 ίατροῦ,
733 5005 770 5065 ὡς
788 5005 958 5080 πραγμάτων
982 4998 1194 5079 άσυμόιόάστων
1221 5007 1269 5061 καὶ
1300 5006 1443 5060 τεινόντων
1477 5005 1510 5060 νδ
1528 5003 1731 5080 προστρίψωσιν
1751 4999 1785 5055 ό-

537 5092 625 5165 νειδος
643 5099 700 5154 άπδ
718 5099 818 5176 μόρους
836 5109 891 5155 τῶν
909 5100 1048 5178 φθονερῶν
1067 5103 1104 5163 είς
1123 5103 1170 5156 τόν
1190 5100 1279 5158 Οἴιιον
1297 5103 1388 5157 αὐτῶν
1407 5104 1455 5156 καί
1473 5098 1521 5179 όχι
1539 5101 1625 5175 μόνον
1643 5094 1687 5153 tta
1701 5117 1786 5171 μετε-

536 5194 665 5272 χειρίσθη
687 5198 755 5252 ποτλ
784 5198 879 5268 αὐτόν,
897 5198 976 5261 ίιιτός
994 5205 1042 5262 τῆς
1056 5193 1150 5263 Δόλῆς
1169 5207 1219 5253 τοῦ
1238 5195 1378 5260 Βασιλίοις
1397 5192 1531 5274 Καρόλου
1545 5203 1594 5251 τοῦ
1613 5193 1655 5265 B‘,
1674 5198 1786 5250 καὶτῶν

537 5291 623 5371 ρίιιων
641 5299 697 5345 τῶν
715 5289 801 5369 φίλων
815 5293 1101 5369 αὐτοῦ-μιγιστάνων,
1120 5293 1184 5349 ἔνθα
1198 5295 1399 5370 παρουσιάζιτο
1418 5294 1483 5371 οὐχί
1502 5294 1539 5354 ὡς
1552 5292 1644 5366 ίστρός
1662 5291 1785 5367 ῆχημι-

537 5387 599 5469 Ινιός,
613 5383 677 5445 ἀλλ’
690 5389 727 5453 ὠς
742 5384 825 5464 μίλος
839 5389 1076 5469 σίτοιρατορικοῦ
1089 5460 1092 5465 γ
1103 5392 1195 5464 otton,
1215 5387 1279 5448 ἀλλ’
1296 5387 1359 5448 otti
1377 5388 1526 5467 προίταίεν
1544 5387 1629 5444 αὐτόν
1647 5406 1713 5445 ποτε
1736 5398 1789 5477 τοῦ
