4626 6728
775 1052 905 1118 seems
923 1053 1069 1120 tanam
1089 1055 1239 1123 nestas

637 1244 825 1323 Illiberales
841 1249 969 1325 ortium
989 1274 1095 1325 voees
1111 1275 1190 1328 mea

635 1367 687 1439 Ne
702 1368 800 1440 Musa
820 1378 957 1460 tractet,
978 1391 1051 1442 rem
1067 1370 1166 1444 brevi
1180 1379 1289 1445 totam
1307 1373 1504 1471 exprimens

635 1482 855 1575 Narratione,
872 1483 1006 1559 levibus
1019 1484 1171 1578 omissis,
1188 1486 1278 1562 dabo

633 1595 823 1692 Praecipua.
839 1597 961 1672 Suleos
980 1597 1134 1694 agricolo
1151 1610 1269 1676 eretro
1285 1624 1407 1679 secam

544 1734 547 1738 ·
634 1708 775 1784 Cereale
789 1735 850 1807 per
867 1735 924 1786 me
939 1712 1087 1788 falcibus
1107 1714 1237 1789 donum
1255 1718 1366 1794 metit.

632 1824 732 1899 Licet
747 1827 913 1903 elhieenti
938 1828 1122 1925 perierunt
1146 1853 1243 1907 remo
1262 1854 1416 1930 aequora,

632 1938 677 2012 Et
695 1951 814 2036 opertu
834 1966 957 2018 arenas
978 1944 1116 2040 gurgite
1132 1968 1177 2017 ex
1192 1944 1264 2018 imo
1287 1959 1444 2041 romunt,

632 2057 895 2159 Ehulliuntque,
915 2073 1022 2138 nauto
1034 2062 1228 2159 compescit
1246 2065 1358 2137 Notos

632 2177 954 2274 immurmurantes,
973 2180 1073 2255 nevis
1092 2178 1255 2257 undantis
1273 2181 1365 2278 regit

632 2291 784 2365 'l'emone
803 2316 957 2385 cursum,
973 2294 1091 2391 portui
1110 2307 1145 2369 et
1164 2294 1297 2371 salvem
1313 2295 1474 2393 applicat.

631 2406 747 2480 Perita
760 2407 886 2481 mulier
901 2409 1048 2483 stamine
1065 2408 1196 2482 innexo
1214 2410 1379 2506 frequens

630 2523 783 2619 Operata
801 2525 919 2617 telam,
939 2526 1028 2599 texit
1053 2538 1175 2601 aurete
1190 2526 1313 2622 spatha

630 2637 735 2711 Varie
753 2639 894 2715 retortis
910 2640 1125 2736 splendidam
1143 2640 1245 2736 plicis
1262 2641 1401 2734 stolam,

628 2752 855 2839 Quantolibet
871 2755 990 2831 labore
1010 2755 1225 2851 distinguens
1245 2778 1343 2852 opus.

629 2870 683 2942 Sit
701 2881 788 2944 teste
804 2872 896 2945 Sere
913 2871 1038 2948 textile
1056 2871 1165 2945 veniis
1189 2873 1318 2945 ducum
1383 2880 1392 2895 ⁶

626 2988 799 3065 Punctum
816 2987 958 3083 figuris:
978 2988 1093 3084 siqua
1113 2988 1248 3062 venulis
1268 2989 1377 3062 micat

627 3105 805 3200 Purpurea
822 3105 943 3199 vestis,
957 3105 1083 3182 transit
1103 3104 1141 3179 in
1159 3109 1295 3202 Regum
1314 3129 1438 3182 manus

627 3222 784 3298 Adreetn
799 3222 916 3318 longe,
933 3248 997 3298 ner
1016 3223 1121 3297 modo
1143 3224 1317 3297 excellens
1336 3224 1413 3298 obit

627 3339 783 3411 Tentura
800 3361 933 3429 muros,
952 3349 1083 3413 stroma
1101 3339 1166 3414 sub
1185 3339 1331 3434 pedihus
1349 3341 1453 3437 jaret.

677 3453 765 3540 Quis
784 3465 820 3528 et
836 3454 979 3529 tabellas
998 3455 1153 3551 pingere,
1180 3465 1215 3528 et
1230 3455 1386 3550 lapidum
1410 3455 1514 3531 rudes

627 3572 740 3642 Arare
757 3569 887 3660 suleos,
906 3569 1025 3666 eequis
1044 3581 1190 3665 argento
1204 3569 1310 3664 valet,

628 3686 809 3781 duroque,
826 3698 862 3760 et
874 3711 941 3760 tere
956 3686 1066 3780 fusili,
1085 3707 1197 3782 pruna
1208 3709 1312 3782 super

627 3803 780 3877 Ardente
797 3804 950 3898 positum
968 3803 1147 3899 lingerein
1160 3803 1274 3876 varias
1293 3825 1381 3899 opus

629 3917 767 3990 lllustre
784 3915 946 3990 formosi
964 3918 1049 3991 Visa
1066 3927 1148 3997 sunt
1168 3940 1230 4012 per
1249 3939 1306 3989 me
1331 3918 1464 4014 omnio,

630 4032 717 4119 Qum
733 4032 809 4108 risa
833 4043 964 4107 emtam
975 4032 1039 4106 vix
1054 4044 1174 4106 tomen
1187 4032 1291 4106 fidem
1305 4033 1476 4126 obtinent,

630 4148 811 4243 Sculptum
831 4147 1010 4223 ambulare
1022 4147 1203 4221 Daedalum
1217 4147 1297 4243 quis
1312 4170 1383 4221 non
1402 4145 1530 4224 ridet‘l

630 4265 787 4361 Myronis
801 4276 837 4339 et
855 4265 968 4341 adhue
987 4265 1101 4341 Vaeea
1118 4264 1237 4362 mugit
1254 4287 1360 4341 aenea.

630 4384 746 4455 Homo
765 4382 840 4456 sine
856 4381 924 4455 olis
946 4382 1046 4476 alter,
1066 4382 1180 4455 elutus
1201 4393 1332 4469 tamen,

630 4498 733 4572 Viam
751 4522 813 4595 per
825 4521 927 4572 auras
947 4497 1077 4585 senuit3
1095 4498 1163 4570 hoe
1176 4508 1372 4571 monstrum
1391 4493 1543 4570 insolens

630 4617 711 4688 Meo
729 4616 867 4690 refulsit
879 4626 974 4689 arte:
989 4617 1168 4694 Musarum
1182 4637 1296 4704 soora,

630 4732 885 4828 Sapientinque
898 4755 1058 4824 munera,
1084 4741 1119 4804 et
1133 4729 1259 4804 mentis
1275 4728 1342 4802 Dei

576 4839 580 4847 ⁴
625 4849 830 4944 ‹Cameioris
848 4872 973 4923 aureos
994 4849 1143 4940 innotus,
1164 4845 1264 4921 libris

630 4966 886 5061 Sapientiorum
909 4965 1056 5062 provida
1074 4965 1261 5054 Anterum,
1280 4970 1321 5034 ut
1340 4957 1436 5053 lieet,

631 5082 795 5156 Mandane
814 5083 952 5169 studui3
970 5080 1196 5176 destitutique
1208 5076 1368 5166 auribus,

632 5196 813 5295 Oculoque
832 5198 915 5271 oeoi
934 5207 970 5271 et
986 5205 1116 5288 mente,
1133 5193 1298 5277 mortales
1313 5188 1428 5291 pnite,

633 5314 839 5414 caliginose
855 5313 969 5389 noetis
980 5310 1140 5388 excussis
1156 5309 1275 5394 stetim
1502 5421 1524 5489 6
