4644 6758
730 1106 775 1172 38
1144 1110 1324 1170 ΛΕΟΝΤΟΣ
1348 1108 1546 1169 truantur

777 1307 818 1384 α’.
838 1309 979 1383 Ἰωάννου
993 1327 1050 1383 τοῦ
1058 1326 1164 1397 Φωκᾶ,
1174 1315 1317 1407 ἕκρραοις
1330 1317 1361 1384 ἐν
1375 1313 1497 1407 συνόψει
1511 1325 1574 1383 τῶν
1592 1309 1644 1384 ὑπ’
1652 1309 1845 1409 ’Δντιοχιίας
1861 1319 1968 1414 μέχρις

725 1420 944 1524 Ἱεροσολύμων
962 1431 1104 1524 κάστρων
1130 1432 1183 1497 καὶ
1198 1440 1318 1522 χωρῶν,
1336 1432 1454 1524 Συρίας,
1470 1432 1609 1507 Φοινίκης
1637 1433 1691 1497 καὶ
1717 1441 1781 1498 τῶν
1795 1434 1880 1499 κατὰ
1896 1443 1967 1501 Πα-

726 1549 886 1621 λαιστίνην
915 1548 1012 1640 ἁγίων
1027 1547 1142 1614 τόπων.
1172 1536 1309 1610 ioannis
1327 1538 1474 1630 Phocoe,
1503 1539 1757 1635 compendiaria
1782 1540 1967 1636 descriptio

726 1668 918 1728 castrorum
947 1665 981 1726 et
1010 1653 1160 1738 urbium,
1176 1653 1219 1724 ab
1236 1653 1320 1725 urhe
1339 1653 1525 1728 Antiochia
1538 1677 1648 1748 usque
1663 1655 1940 1751 Hierosolymam
1956 1683 1967 1744 ς

727 1793 789 1840 nec
816 1793 885 1841 nen
901 1768 1032 1862 Syriae,
1049 1791 1089 1838 ac
1107 1767 1326 1859 Phoeniciae,
1349 1778 1383 1840 et
1405 1766 1442 1840 in
1457 1769 1649 1841 Palaestina
1670 1792 1847 1842 sacrorum
1870 1772 1966 1843 loco·

725 1883 966 1974 111111.(Βιόλίον
985 1901 1125 1983 Πρῶτον,
1140 1896 1208 1957 Σελ.
1227 1885 1367 1975 ί-ίθ).

774 1995 814 2071 θ’.
836 1999 1016 2098 Ἐπιρανίου
1034 2017 1183 2097 Μοναχοῦ
1198 2017 1255 2072 τοῦ
1273 1994 1508 2098 Ἀγιοπολίτου,
1523 1997 1663 2100 διήγησις
1683 2008 1725 2087 ιίς
1742 2009 1841 2075 τόπον
1858 2033 1966 2101 περιη-

725 2132 837 2213 γητοῦ,
852 2123 920 2213 περὶ
938 2133 994 2197 τῆς
1010 2122 1127 2214 Συρίας,
1147 2121 1271 2198 καὶτῆς
1289 2108 1397 2213 Ἀγίας
1416 2122 1548 2204 πόλεως,
1564 2124 1618 2188 καὶ
1643 2133 1706 2189 τῶν
1722 2124 1753 2189 ἐν
1772 2123 1853 2211 αὐτῇ
1869 2123 1967 2216 ἁγίων

725 2235 840 2302 τόπων.
860 2227 1043 2320 Epiphanii
1058 2227 1218 2299 monachi
1235 2228 1488 2322 Hagiopolitae,
1508 2228 1705 2302 admodum
1726 2229 1967 2325 descriptionis

725 2341 811 2413 situs
839 2342 945 2431 urhis,
965 2344 1137 2414 enarratio
1150 2342 1282 2437 Syriae,
1298 2344 1393 2414 urbis
1413 2346 1557 2419 Sanctae
1571 2354 1605 2415 et
1621 2346 1806 2416 Sacrorum
1823 2339 1863 2416 ili
1877 2353 1969 2416 teco-

585 2536 592 2552 ,
726 2481 813 2531 rum.
830 2459 910 2549 (Σελ.
928 2459 1094 2549 18-63).

774 2570 817 2673 γ’.
835 2570 984 2671 Περθίκου
1000 2580 1250 2672 πρωτονοταρίου
1264 2591 1320 2656 τῆς
1335 2573 1476 2672 Ἐρέσου,
1496 2579 1637 2675 ίκρριιοις
1657 2583 1724 2673 περὶ
1740 2590 1802 2647 τῶν
1818 2581 1849 2646 ἐν
1873 2567 1968 2673 ‘Ispe-

726 2696 872 2787 σολιίμοις
907 2705 1069 2787 Κυριακῶν
1110 2695 1253 2787 θεμάτων
1279 2689 1332 2778 (τίς
1362 2690 1513 2787 στίχους).
1546 2687 1708 2760 Perdicae
1736 2685 1965 2783 protonotarii

724 2804 880 2899 Ephesii,
907 2802 1078 2898 expositio
1120 2805 1310 2874 thematum
1345 2804 1609 2876 Dominicorum
1631 2815 1665 2876 et
1690 2804 1967 2889 memorabilium

725 2947 814 3019 quae
828 2921 1077 3015 Hierosolymis
1094 2935 1183 2996 sunt.
1208 2923 1289 3013 (Σελ.
1308 2924 1475 3014 65—78).

774 3039 814 3114 θ’.
840 3041 1027 3139 ’Ᾱνωνόμου,
1056 3038 1212 3124 ἀπόθειξις
1236 3048 1302 3139 περὶ
1335 3058 1397 3115 τῶν
1426 3037 1655 3143 Ἰεροσολύμων.
1690 3041 1906 3138 Anonymm,
1923 3039 1966 3110 de

723 3154 809 3226 locis
823 3152 1159 3248 Hierosolymitanis.
1180 3154 1259 3244 (Σελ.
1277 3157 1468 3246 tro-tua).

773 3270 808 3345 ε’.
835 3269 1035 3365 Eugesippi,
1066 3269 1188 3364 incipit
1206 3282 1373 3342 tractatus
1395 3270 1437 3342 de
1461 3269 1633 3341 distantiis
1670 3269 1825 3341 locorum
1841 3271 1969 3341 Terrae

723 3390 880 3459 Sanctae.
901 3389 980 3477 (Σελ.
999 3389 1213 3477 ddi-tid).

773 3499 804 3579 ς’
821 3500 1044 3572 Wiltebranti
1064 3500 1106 3572 ab
1121 3499 1319 3593 Oldenborg
1332 3498 1497 3571 Canonici
1517 3497 1800 3589 Hildesemensis,
1823 3498 1967 3571 itinera·

725 3616 817 3687 rium
837 3617 963 3686 Terrae
982 3616 1135 3688 Sanctae.
1157 3616 1236 3705 (Σελ.
1259 3617 1472 3707 122-152).

775 3729 813 3816 ζ’.
840 3730 964 3801 Leonis
984 3729 1117 3820 Αίίιιίίἰ,
1135 3730 1176 3800 de
1196 3728 1290 3800 solea
1308 3729 1436 3818 (οωλία,
1454 3742 1576 3802 οολιϊον
1593 3732 1613 3810 θ
1632 3736 1748 3818 οολίον,
1768 3737 1822 3801 καὶ
1841 3735 1966 3818 οολέας,

727 3855 804 3925 εἶναι
834 3850 916 3934 λέξις
944 3856 1088 3929 λατινικὴ
1116 3855 1319 3950 παραρομίνη
1339 3852 1424 3946 παρὰ
1441 3853 1479 3920 τό
1499 3845 1611 3917 solum
1623 3843 1809 3945 εὲθαρος,
1829 3854 1883 3919 καί
1911 3868 1967 3915 80⁶

726 3966 811 4037 lium
826 3963 964 4055 Ξέθος,
985 3972 1088 4065 θρόνος
1108 3969 1277 4056 βασιλικός.
1308 3962 1359 4034 Ἐν
1377 3980 1419 4057 τῇ
1437 3968 1556 4060 ἀρχαίᾳ
1585 3970 1730 4056 βασιλικῇ
1761 3969 1909 4035 ἐκαλεῖτο
1928 3967 1966 4033 τό

726 4092 784 4183 πρό
805 4102 862 4157 τοῦ
883 4089 961 4182 ἱεροῦ
981 4090 1122 4181 βήματος
1141 4087 1242 4179 μέρος,
1257 4087 1336 4152 ὅπου
1354 4085 1505 4158 ἐκάθηντο
1524 4082 1553 4151 οἱ
1572 4092 1778 4176 προεστῶτες,
1799 4075 1852 4150 dcci
1870 4094 1967 4150 τοῦτο

726 4206 881 4281 πολλάκις
902 4207 932 4270 ἐν
952 4218 992 4294 τῇ
1011 4206 1098 4270 Δόσει
1118 4205 1263 4269 ἐκαλεῖτο
1281 4202 1335 4267 καὶ
1354 4191 1574 4266 senatorium.
1604 4192 1655 4265 Ἐν
1682 4210 1728 4281 τῷ
1759 4209 1823 4281 ναῷ
1849 4209 1906 4274 τῆς
1927 4197 1966 4264 ἁ·

726 4322 798 4412 γίας
826 4321 953 4410 Συρίας,
985 4325 1106 4384 οολεῖον
1136 4319 1281 4384 ἐκαλεῖτο
1306 4315 1364 4408 πρό
1384 4316 1510 4381 πάντων
1529 4313 1545 4380 ό
1567 4314 1726 4399 βασιλικός
1747 4312 1862 4405 θρόνος,
1882 4313 1968 4390 ὅστις

726 4431 786 4509 ἦτο
813 4436 945 4507 πλησίον
972 4445 1035 4501 τῶν
1071 4425 1271 4525 θρυρράκτων
1288 4435 1353 4498 εἴτε
1372 4422 1541 4524 κιγκλίδων
1560 4442 1618 4498 τοῦ
1638 4429 1717 4524 ἱεροῦ
1736 4430 1891 4522 βήματος,
1913 4431 1967 4495 καὶ

726 4545 786 4622 ise
812 4547 1099 4629 πολυτιλόοτατος,
1119 4547 1220 4617 ἔκειτο
1240 4537 1275 4612 dd
1301 4545 1376 4639 πρός
1409 4545 1447 4613 τό
1466 4535 1566 4620 δεξιόν
1585 4543 1686 4636 μόρος,
1707 4544 1785 4617 όπου
1803 4555 1854 4608 νῦν
1875 4541 1890 4609 ό
1912 4532 1967 4608 de·-

728 4666 875 4742 σποτικός
895 4657 1023 4757 θρόνος),
1045 4653 1171 4725 veteris
1191 4653 1367 4740 ecclesiae,
1391 4652 1434 4724 ad
1450 4649 1724 4720 illustrissimum
1743 4662 1777 4720 et
1793 4651 1969 4722 Reveren-

729 4775 907 4846 dissimum
941 4771 1143 4860 Dominum,
1164 4772 1205 4844 D.
1237 4770 1382 4842 Fahium
1408 4768 1580 4859 Ghisium,
1599 4765 1809 4869 Episcopum
1829 4767 1968 4838 Nerito-

728 4913 879 4961 nensem.
902 4891 982 4980 (Σελ.
1005 4887 1220 4978 ddi-tid),
1615 4902 1618 4907 “

778 5001 819 5083 η’.
846 5004 971 5073 Leonis
991 5001 1123 5092 Allatii,
1154 4999 1321 5095 epistolae
1351 5001 1394 5073 ad
1427 4999 1629 5071 Bartoldum
1647 4997 1845 5085 Nihusium,
1875 5006 1968 5082 tres;

729 5117 841 5214 prima
856 5119 897 5189 de
912 5120 1068 5214 Liturgia
1082 5119 1204 5191 Jacobi
1219 5119 1368 5209 disserit,
1386 5118 1534 5189 secunda
1551 5128 1667 5189 tuetur
1679 5127 1844 5183 assertam
1864 5111 1972 5181 Grae·

729 5257 850 5305 corum
875 5234 1153 5306 communionem
1179 5233 1244 5304 sub
1262 5231 1508 5328 specieuuica,
1525 5229 1628 5308 tertia
1639 5238 1691 5301 est
1707 5225 1749 5298 de
1763 5223 1867 5321 lignis
1881 5226 1971 5304 Suu-

731 5361 807 5426 ctae
826 5348 956 5424 Crucis.
977 5349 1057 5442 (Σιλ.
1079 5351 1293 5443 tre-235).
