4644 6758
926 1106 928 1110 .
977 1057 1108 1122 LEONIS
1130 1059 1276 1122 tantun
1299 1059 1446 1122 unitas.

823 1257 996 1329 lmmsnsa
1017 1280 1119 1352 quem
1139 1281 1207 1329 nun
1221 1258 1532 1353 muueraHystani
1555 1283 1619 1331 suu

822 1377 962 1446 Movere
988 1375 1117 1462 studio,
1138 1375 1277 1469 Persico
1296 1389 1355 1448 aut
1375 1376 1466 1448 tastu
1487 1377 1547 1453 diu

820 1492 995 1563 Promissa
1013 1514 1157 1575 merces3
1177 1489 1237 1561 uhi
1254 1490 1489 1585 sepulchrales
1515 1493 1621 1565 latent

820 1604 975 1699 Lapides-
986 1604 1142 1695 Homeri,
1160 1603 1300 1699 Cynthii
1320 1618 1380 1677 aut
1399 1606 1527 1701 templo
1546 1607 1624 1695 Dei,

819 1721 1061 1818 Caeueidosrpue
1082 1722 1226 1794 celebris
1245 1722 1290 1793 od
1310 1722 1436 1818 Cynthi
1459 1714 1594 1818 jugum,

819 1840 913 1909 Bene
930 1837 1023 1909 oulta
1038 1837 1145 1908 saoris
1160 1850 1253 1909 terra
1268 1837 1400 1909 famosa
1426 1838 1546 1931 orgiis

819 1953 971 2047 Ejusque
991 1952 1121 2046 patria,
1139 1953 1241 2047 eujus
1255 1952 1410 2024 offensus
1426 1952 1537 2023 modis

818 2069 976 2140 Sublime
994 2069 1078 2140 resti
1099 2081 1222 2163 guttur
1244 2069 1399 2140 admovit
1417 2092 1542 2164 parens

819 2185 894 2256 Una
919 2185 1109 2280 Lyeamhes
1129 2186 1218 2280 ipse,
1241 2209 1323 2256 oum
1342 2186 1439 2280 prole
1459 2186 1593 2259 arnioa‘l

818 2300 993 2372 dilinium
1012 2299 1230 2394 Baeehylidis
1245 2313 1280 2370 et
1295 2300 1484 2371 Simonidis

818 2415 969 2488 Alumna
989 2416 1105 2506 tellus,
1127 2415 1270 2487 ubinam
1296 2415 1470 2487 Aristonis
1482 2414 1621 2501 Schola,

818 2530 976 2602 Authore
995 2532 1108 2625 primo
1129 2531 1347 2626 famaquam
1367 2530 1537 2602 celebrem
1549 2530 1645 2619 facit,

818 2648 862 2718 Et
881 2645 1118 2719 ambulacris?
1138 2649 1231 2718 lnter
1249 2668 1420 2718 erumnas
1441 2668 1570 2716 manes.

817 2761 951 2855 Expers
969 2760 1145 2856 procellae,
1165 2760 1268 2832 stella
1285 2782 1349 2831 ceu
1366 2759 1460 2831 Coelo
1475 2758 1606 2830 micans

817 2879 1013 2959 Miseranda
1027 2901 1132 2972 supra
1151 2877 1237 2968 lata,
1253 2899 1423 2970 casusque
1442 2899 1597 2971 asperos,

816 2996 894 3064 Non
911 2993 1034 3067 hausta
1051 2990 1176 3085 rapido
1198 2991 1286 3077 sola,
1307 2991 1376 3084 qua
1395 3014 1458 3085 par
1479 3002 1543 3079 est,
1565 2991 1649 3061 salo.

817 3110 1055 3183 Nameivihus
1076 3121 1247 3203 superstes
1268 3109 1357 3181 hane
1378 3107 1542 3202 usquein
1563 3107 1666 3198 diem,

819 3227 1042 3322 Prudensque
1059 3226 1256 3321 nobilisque
1272 3249 1369 3297 mens
1391 3224 1503 3297 adhue
1524 3224 1629 3319 viget.

818 3345 891 3417 Nee
906 3356 959 3445 est
976 3340 1194 3437 stupendum;
1213 3365 1363 3435 namque
1383 3363 1550 3434 generosa
1565 3341 1631 3410 sati

819 3461 908 3533 Sunt
926 3460 1032 3556 stirpe
1051 3459 1158 3551 cives,
1180 3457 1290 3530 nohili
1310 3457 1435 3529 imbuti
1455 3459 1597 3529 Patrum

820 3576 945 3648 Primis
965 3576 1008 3647 ah
1028 3573 1127 3647 annis
1146 3573 1260 3668 laude,
1274 3571 1413 3644 virtutis
1430 3582 1563 3644 tenent:

819 3693 912 3764 Hine
929 3715 964 3764 es
979 3704 1127 3787 paternae
1142 3690 1258 3762 nobile
1275 3689 1379 3760 etiam
1400 3711 1483 3759 num
1503 3687 1616 3760 decus.

819 3809 921 3879 Nune
936 3806 1129 3876 lnsularnm
1149 3816 1188 3875 tu
1204 3804 1291 3874 mihi
1306 3803 1420 3897 potior
1438 3803 1546 3897 jaces,

820 3924 905 4009 Quae
919 3921 1089 3994 firmiores
1106 3920 1248 3992 stabilis.
1260 3920 1295 3990 in
1310 3932 1415 4015 ponto
1430 3918 1567 4014 gradus.

818 4039 977 4132 Namque
996 4049 1034 4108 ut
1056 4046 1192 4106 vetusta
1216 4031 1488 4105 subministrasti
1510 4034 1651 4102 Patrum

818 4155 947 4244 AEtate‚
967 4153 1101 4248 prolers
1125 4151 1263 4240 mentis,
1279 4150 1409 4246 eloquii
1424 4149 1542 4236 modo,

819 4268 1014 4340 Prudentia
1033 4291 1101 4363 qne
1118 4266 1225 4338 fertili
1245 4265 1379 4338 fruetus
1396 4278 1485 4355 satu,

818 4382 1067 4456 Numerosiore
1082 4382 1194 4477 copia,
1213 4392 1248 4454 et
1266 4381 1385 4453 doetus
1404 4380 1511 4469 siros,

819 4501 1001 4596 Seymnos,
1021 4504 1134 4591 lonas,
1153 4499 1381 4590 Metrodorus,
1400 4495 1617 4582 Theocritus,

818 4617 1050 4710 Democritus,
1065 4617 1189 4690 omitto
1200 4617 1438 4711 Theopompus
1459 4611 1571 4707 loqui‚·

822 4737 1031 4832 Oenopidas,
1052 4735 1164 4831 etqui
1182 4735 1302 4830 lingua
1323 4736 1500 4805 Musarum
1520 4729 1649 4822 loquax

818 4851 1052 4940 HOMERUS‚
1070 4849 1228 4922 homines
1243 4871 1311 4919 non
1330 4846 1447 4935 madh,
1469 4842 1528 4915 sed
1546 4842 1638 4935 ipsos
1661 4839 1754 4909 Deos

817 4967 945 5040 Litore
961 4967 1119 5063 pupugit,
1135 4977 1236 5062 gesta.
1252 4959 1476 5037 memoranda
1495 4959 1667 5033 intonans.

818 5084 865 5157 Ut
882 5084 1063 5157 civitatum
1081 5095 1187 5172 sorte,
1206 5103 1291 5177 quas
1311 5078 1400 5171 dixi,
1419 5076 1495 5171 pari

816 5198 996 5272 Exhausto
1014 5197 1161 5286 nonsit,
1181 5207 1220 5268 tu
1240 5207 1355 5266 tamen
1374 5191 1484 5264 servis
1505 5188 1623 5279 Chios,
1716 5232 1722 5246 ·

816 5313 862 5386 Et
881 5313 1047 5387 servitute
1065 5310 1145 5387 talia
1165 5309 1306 5405 indigna
1317 5307 1424 5404 janes.
