4644 6758
1040 1086 1275 1146 ΣΗΜΕΙΩΣΕΙΣ
1346 1082 1352 1090 ’
1705 1081 1773 1148 423

533 1286 590 1362 δία
608 1293 666 1367 τὴν
684 1294 802 1360 ἐαυτῶν
822 1290 950 1382 μητέρα.
971 1281 1148 1357 Ἀκούσασα
1166 1292 1184 1367 ἡ
1204 1288 1304 1383 μήτηρ
1318 1314 1376 1382 μου
1396 1298 1452 1367 τῆς
1468 1290 1655 1359 ἀνελπίστου
1676 1304 1776 1386 φωνῆς

535 1411 649 1505 ἠγέρθη
667 1411 720 1477 καὶ
745 1410 780 1476 ἐκ
799 1418 855 1484 τῆς
878 1407 983 1481 κλίνης
1003 1394 1183 1487 πηδήσασα,
1202 1406 1360 1498 έντρομος,
1376 1405 1462 1496 λέγει
1473 1431 1537 1497 μοι,
1558 1408 1594 1472 Τί
1619 1407 1700 1498 έχεις
1720 1409 1776 1474 τέ·

532 1550 606 1594 κνον
621 1548 703 1618 μου;
732 1524 767 1588 Τί
786 1522 892 1614 ἐχεις;
915 1520 958 1585 Ού
978 1520 1101 1604 βλέπεις
1119 1519 1177 1592 τὴν
1196 1533 1332 1611 γυναῖκα
1351 1519 1478 1602 ἐκείνην,
1502 1523 1568 1596 ἥτις
1586 1522 1628 1613 μὴ
1649 1524 1775 1615 εὐχαρι-

535 1640 701 1732 στουμένη,
720 1637 760 1716 ὡς
780 1636 812 1704 αἱ
841 1637 1003 1729 σύντροφοι
1020 1636 1129 1717 αὐτῆς,
1147 1627 1254 1701 λαόεϊν
1273 1636 1390 1727 φύλλον
1410 1638 1445 1702 ἐκ
1463 1647 1520 1702 τοῦ
1535 1638 1678 1728 μυρτείου
1693 1639 1775 1705 κλά-

534 1748 591 1822 δου
603 1756 772 1846 ὁλόκληρον
785 1751 880 1818 αὐτόν
896 1743 1075 1842 ύπεξῄρεσεν
1093 1772 1101 1830 ;
1117 1743 1308 1830 Ἀπατᾶσαι,
1329 1747 1374 1815 υἱέ
1393 1773 1464 1841 μου,
1484 1751 1661 1832 ἀπατᾶσαι,
1677 1741 1775 1828 οὐδεὶς

533 1871 591 1937 τὸν
606 1871 719 1962 μύρτον
740 1859 864 1947 έλαόεν,
892 1856 958 1932 ίδού
977 1864 1070 1941 αὐτὸς
1090 1862 1230 1954 ἀκέραιος
1251 1865 1336 1954 παρὰ
1356 1874 1396 1952 τῇ
1417 1864 1509 1930 εἰκόνι
1529 1876 1585 1942 τῆς
1602 1858 1777 1955 Ἀειπαρθέ·

533 2009 598 2052 νου.
617 1978 772 2074 Ἀκέραιος
788 1976 796 2046 ί
814 1978 968 2072 ἐφόνησα,
988 1979 1129 2070 ἀκέραιος
1144 1974 1153 2046 ί
1174 1980 1229 2061 ἐνῷ
1245 1980 1369 2070 ἡρπάγη
1387 1978 1446 2046 ὑπὸ
1462 1990 1519 2055 τῆς
1536 1981 1679 2073 γυναικὸς
1700 1983 1776 2049 ἐκεί·

536 2127 601 2184 νης,
620 2104 651 2169 ἐν
678 2097 714 2177 ἧς
731 2112 800 2175 ταῖς
821 2098 906 2190 χερσὶ
925 2096 983 2168 τὴν
1009 2096 1144 2187 στιγμὴν
1162 2097 1282 2170 ταύτην
1302 2096 1409 2181 βλέπω
1429 2096 1548 2178 αὐτόν;
1575 2098 1618 2163 Οὐ
1638 2100 1775 2164 πιστεύω

534 2241 583 2298 σε,
609 2216 644 2281 ού
663 2214 807 2281 πιστεύω·
824 2207 861 2276 ἐν
882 2209 1004 2301 ὑπάρχῃ
1025 2211 1055 2275 ἐν
1073 2220 1119 2292 τῷ
1139 2220 1235 2292 σηκῷ,
1253 2208 1295 2288 ὡς
1322 2212 1358 2275 σὺ
1388 2210 1500 2302 λέγεις,
1528 2201 1581 2288 δός
1597 2236 1648 2303 μοι
1668 2213 1774 2279 αὐτόν.

535 2331 701 2398 Βλέπουσα
720 2330 768 2394 ὅτι
787 2327 823 2392 ού
840 2324 985 2416 πείθομαι
1000 2336 1065 2401 τοϊς
1079 2324 1185 2416 λόγοις
1198 2325 1306 2406 αὐτῆς,
1325 2327 1378 2391 καὶ
1397 2319 1567 2417 φοβηθεῖσα
1578 2327 1621 2418 μὴ
1636 2320 1776 2419 ἐξαρθεὶς

535 2444 749 2537 περισσότερον
768 2439 912 2531 βλαφθῶ,
928 2430 1040 2505 έλαόεν
1055 2440 1090 2505 έκ
1108 2450 1165 2505 τοῦ
1179 2439 1409 2507 είκονοστασίου
1423 2441 1479 2507 τόν
1498 2442 1612 2533 μύρτον
1625 2442 1777 2533 λέγουσα,

535 2552 606 2625 Ῐδού
623 2558 717 2634 αὐτὸς
736 2556 868 2636 τεκνίον,
891 2552 1034 2627 πείσθητι
1052 2555 1106 2620 καί
1124 2554 1300 2646 κοιμήθητι·
1318 2556 1371 2621 καὶ
1386 2552 1612 2647 προσψαύσασα
1628 2547 1668 2622 δι’
1680 2559 1778 2624 αὐτοῦ

468 2658 473 2670 ⁸
536 2681 571 2749 ἐκ
591 2667 734 2767 δευτέρου
759 2673 817 2744 τὴν
834 2670 974 2763 κεφαλὴν
993 2671 1047 2737 καί
1066 2670 1104 2737 τὸ
1123 2670 1237 2749 στῆθος
1252 2697 1323 2764 μου,
1344 2673 1456 2764 έρωτᾶ,
1476 2672 1581 2751 Μένεις
1596 2674 1779 2766 εὐχαριστη-

536 2794 625 2885 μένος
638 2815 647 2873 ;
667 2788 802 2882 κρατείὴ
815 2787 892 2880 γυνη
904 2785 958 2852 τὸν
970 2786 1083 2877 μύρτον
1094 2785 1188 2853 εἰσέτι
1200 2810 1208 2868 ;
1229 2786 1310 2876 έχεις
1324 2787 1463 2879 ἀνάγκην
1472 2788 1658 2879 πράγματός
1669 2813 1752 2865 τινος
1766 2812 1775 2872 ;

536 2912 596 2978 Ναὶ
617 2919 725 3000 μῆτερ,
740 2900 998 2994 εύχαριστημένος
1013 2900 1117 2991 εἰμίὴ
1137 2902 1213 2993 γυνὴ
1232 2902 1350 2992 ἀφανὴς
1369 2902 1505 3003 ἐγένετο,
1520 2905 1574 2968 καί
1591 2903 1653 2998 ἐγὼ
1673 2903 1775 2971 ὑπνῶ-

535 3052 588 3092 σαι
607 3025 696 3092 θέλω.
709 3023 772 3086 Καὶ
787 3029 892 3085 ταῦτα
909 3019 963 3109 μὲν
978 3018 1089 3098 ούτως,
1106 3017 1163 3090 τθν
1182 3009 1217 3086 δὲ
1231 3020 1374 3111 ἐπαύριον
1392 3020 1463 3085 λίαν
1478 3020 1556 3111 πρωί
1571 3020 1705 3111 ἐγερθεὶς
1722 3023 1776 3088 καί

536 3131 679 3220 ἐνδυθείς,
698 3137 807 3227 καίπερ
834 3133 876 3225 μὴ
897 3124 1063 3225 δυνάμενος
1082 3145 1291 3225 περιπατῆσαι
1326 3135 1398 3202 ἄνευ
1425 3145 1481 3211 τῆς
1501 3134 1644 3219 βοηθείας
1672 3135 1777 3228 έτέρου

535 3254 711 3349 προσώπου,
738 3253 867 3326 ἐντελῶς
887 3247 944 3320 τὴν
960 3246 1067 3342 ὑγείαν
1089 3248 1254 3319 ἀνέκτησα.
1288 3247 1325 3316 Οἱ
1357 3240 1392 3316 δὲ
1411 3248 1538 3340 ὁρῶντες
1558 3250 1612 3342 ἐμέ
1638 3251 1693 3317 τὸν
1706 3251 1779 3341 χθές

535 3372 590 3462 μὲν
609 3368 696 3461 μόλις
712 3362 907 3432 ἀναπνέοντα
926 3364 978 3428 καί
1004 3353 1118 3453 σχεδὸν
1138 3360 1408 3456 ψυχορραγοῦντα,
1426 3365 1556 3457 σήμερον
1572 3355 1607 3431 δέ
1621 3365 1778 3443 ἐσθίοντα,

535 3492 693 3578 γελῶντα,
713 3483 766 3548 καί
792 3477 988 3570 ὑγειαίνοντα
1013 3469 1187 3570 ἐθαύμαζον
1215 3479 1468 3572 εὐχαριστοῦντες
1487 3491 1528 3568 τῇ
1558 3480 1703 3562 Θεοτόκῳ
1726 3483 1780 3547 καὶ

532 3601 692 3693 λέγοντες,
714 3598 763 3663 ότι
789 3584 843 3659 διὰ
865 3603 921 3668 τῆς
942 3590 1176 3683 ὑπερανθρώπου
1196 3593 1334 3686 ἀρρωγῆς
1356 3593 1464 3678 αὐτῆς,
1484 3597 1537 3661 καί
1554 3595 1625 3685 ούχί
1644 3586 1696 3661 διὰ
1724 3607 1782 3673 τῆς

534 3729 597 3790 τῶν
616 3718 729 3808 ἰατρῶν
753 3712 866 3803 τέχνης
899 3701 1044 3787 ἐπέζησα.
1079 3719 1187 3776 Ταῦτα
1217 3712 1313 3792 ἐστίν,
1334 3709 1355 3776 θ
1380 3712 1441 3802 ἐγὼ
1460 3712 1517 3778 ούκ
1536 3710 1688 3792 ἀκηκοὼς,
1709 3702 1781 3777 οὐδέ

535 3824 704 3912 καθεύδων,
738 3821 810 3896 ἀλλ’
829 3822 861 3893 εὖ
881 3817 968 3900 εἰδὼς
984 3826 1037 3890 καί
1056 3824 1163 3890 παθὼν
1182 3827 1317 3892 πιστεύω
1337 3825 1438 3900 ἀληθῆ
1459 3824 1566 3894 εἶναι.»
1589 3820 1643 3893 Ἐκ
1658 3828 1781 3893 τούτων

530 3952 642 4040 βλέπει
660 3947 676 4014 ό
692 3942 905 4036 ἀναγνόστης,
922 3941 971 4006 ότι
984 3930 1083 4006 ούδέὁ
1103 3931 1343 4032 πεπαιδευμένος
1360 3935 1525 4020 Ἀλλιίτιος
1545 3939 1604 4016 ἦτο
1624 3943 1780 4037 ἐλεύθερος

533 4077 596 4132 τῶν
626 4052 869 4150 δεισιδαιμονιῶν
890 4065 947 4122 τοῦ
967 4053 1075 4131 αἰῶνος
1094 4053 1136 4130 είς
1156 4053 1190 4120 av
1219 4046 1285 4136 έζη,
1305 4053 1345 4131 ὡς
1362 4066 1458 4123 τοῦτο
1478 4047 1634 4123 δείκνυται
1654 4081 1780 4124 παντα-

533 4192 593 4274 χοῦ
611 4189 675 4247 τῶν
693 4173 947 4267 συγγραμμάτων
977 4171 1086 4252 αὐτοῦ,
1107 4162 1140 4248 ἐξ
1162 4171 1240 4236 ὅσων
1257 4173 1394 4238 πιστεύει
1409 4173 1463 4240 καί
1484 4172 1565 4263 μετὰ
1595 4186 1651 4251 τῆς
1678 4198 1781 4267 pm.

527 4274 674 4387 'mentem
701 4289 845 4382 ἀφελείας
865 4277 1020 4377 διηγεῖται
1051 4275 1185 4376 διάφορα
1215 4284 1410 4379 ἱστορήματα
1442 4291 1510 4380 περὶ
1546 4291 1781 4381 Βρουκολοίιιων,

529 4399 825 4498 Σκαλικαντζάρων,
858 4393 1030 4494 Νηρηίδων,
1060 4403 1112 4467 καὶ
1141 4401 1248 4468 ἄλλων
1279 4405 1431 4471 τοιούτων
1458 4406 1691 4498 ἀποκυημσίτων
1725 4418 1784 4474 τοῦ

534 4533 712 4602 Μεσαιῶνος
728 4522 781 4588 καί
807 4528 870 4587 τῶν
888 4517 1103 4612 μυθολογικῶν
1121 4518 1248 4610 χρόνων.

590 4751 646 4841 ίθ)
656 4755 698 4822 Tb
710 4759 854 4847 σχολεῑον
864 4762 960 4819 τοῦτο
972 4749 1030 4818 ὑπὸ
1045 4750 1103 4829 τὴν
1121 4752 1244 4844 ἐφορίαν
1257 4763 1315 4827 τοῦ
1333 4754 1366 4820 ἐν
1382 4754 1450 4836 Χίῳ
1464 4755 1598 4820 Λατίνου
1613 4754 1784 4821 ἐπισκόπου

535 4876 589 4943 καί
604 4882 696 4965 τριῶν
712 4868 883 4962 προκρίτων
898 4867 983 4931 Χίων
997 4876 1054 4931 τοῦ
1070 4856 1197 4932 δυτικοῦ
1214 4857 1374 4959 δόγματος
1386 4867 1596 4959 έκλεγομένων
1610 4861 1682 4934 κατ’
1698 4868 1780 4950 ἔτος,
1856 4930 1860 4939 ,

537 4982 673 5067 ἐσώζετο
692 4986 751 5053 ὑπό
770 4984 827 5057 τὴν
846 4984 1020 5074 ἐπωνυμίαν
1059 4984 1215 5073 ςΜεγσίλο
1235 4983 1392 5074 Σχολειδν
1415 4983 1505 5074 μέχρι
1534 4993 1591 5059 τῆς
1630 4982 1715 5049 κατὰ
1743 4985 1782 5051 τδ

539 5109 632 5175 ⁴822
650 5105 719 5180 έτος
737 5110 957 5191 καταστροφῆς
969 5109 1025 5173 τῆς
1040 5097 1131 5177 Χίου,
1147 5096 1231 5163 ἀλλὰ
1249 5096 1334 5164 κατὰ
1352 5096 1410 5169 τὴν
1429 5098 1598 5190 μαρτυρίαν
1616 5107 1679 5165 τῶν
1697 5090 1781 5166 ἐδόν-

536 5248 601 5292 των
627 5224 681 5289 καί
709 5215 952 5309 ἐπισκεφθέντωυ
982 5213 1059 5279 αύτδ
1086 5202 1218 5279 διέκειτο
1252 5213 1294 5292 είς
1324 5213 1436 5281 ἀθλίαν
1453 5214 1660 5283 κατάστασιν.
1683 5211 1782 5280 «Leo

534 5331 687 5417 Allatius
701 5330 762 5424 qui
781 5352 801 5401 ο
820 5325 922 5403 fond&
941 5324 1053 5403 divers
1075 5322 1230 5418 Colleges
1246 5322 1329 5425 ἐουι
1350 5323 1373 5419 l'
1388 5322 1452 5396 isle
1466 5323 1508 5396 de
1523 5323 1625 5416 Chio,
1644 5319 1676 5397 d’
1694 5322 1737 5397 ού
1755 5324 1782 5396 il
