4626 6728
502 1079 569 1146 ⁴3⁰
645 1083 706 1142 ΕΙΣ
720 1082 798 1141 Tor<
815 1083 906 1141 mou
923 1085 993 1140 ΚΑΙ
1012 1085 1063 1140 ΤΛ
1083 1080 1371 1141 mmmmm
1391 1079 1598 1138 AAAArlor.

497 1289 552 1387 (εἰς
573 1293 680 1385 μικρὸν
706 1290 763 1355 8ον
779 1292 813 1357 ἐκ
843 1289 908 1357 23⁴
935 1280 1089 1374 σελίδων),
1110 1293 1164 1357 καὶ
1185 1281 1305 1378 σπουδῇ
1334 1300 1438 1355 Λουκᾰ
1459 1289 1665 1370 Χολστενίου,
1687 1287 1748 1355 ὑπὸ

497 1411 554 1483 τὴν
575 1412 757 1502 ἐπιγραφήν,
779 1398 881 1469 Liber
911 1399 1062 1469 Diurnus
1087 1400 1319 1468 Romanorum
1343 1396 1552 1467 Pontificum
1585 1421 1631 1466 ex
1655 1397 1746 1467 anti·

496 1516 664 1611 quissimo
680 1514 806 1585 Codice
838 1514 909 1582 MS.
943 1537 1033 1584 nunc
1052 1514 1201 1607 primum
1224 1513 1260 1581 in
1284 1512 1396 1583 lucem
1426 1511 1550 1582 editus.
1584 1518 1626 1584 Τὸ
1643 1520 1748 1585 νόστι-

496 1664 553 1730 μον
582 1635 659 1704 εἶναι
678 1638 728 1702 ότι
747 1635 762 1701 ό
782 1629 922 1712 Ἰωάννης
942 1635 1099 1729 Γαρνέριος
1128 1626 1263 1711 οὐδόλως
1285 1647 1420 1700 ποιεῖται
1441 1635 1547 1725 μνείαν
1577 1645 1633 1709 τῆς
1656 1623 1748 1699 ἐκδό-

495 1775 570 1827 σεως
587 1752 705 1827 ταύτης
721 1749 762 1826 εἰς
783 1751 824 1816 τὰ
844 1750 1059 1842 προλεγόμενα
1079 1762 1134 1827 τῆς
1156 1740 1255 1826 ἰδικῆς
1271 1773 1340 1814 του·

509 2008 513 2019 ’
545 1991 604 2081 20)
634 1987 669 2062 ‘0
697 1990 735 2060 F.
756 1993 940 2061 ARGELATI
960 1996 1115 2088 ὑπεσχέθη
1135 2000 1166 2064 ἐν
1185 2008 1231 2080 τῷ
1250 1998 1472 2089 συγγράμματι
1494 1995 1591 2062 αὑτοῦ
1607 2004 1654 2076 τῷ
1673 1996 1742 2060 ἐπι·

495 2114 690 2205 γραφομένῳ,
701 2106 860 2199 ΕρίοιοΙιε
878 2105 959 2174 viris
974 2105 1117 2175 eruditis
1133 2106 1341 2175 Graecarum
1357 2125 1391 2174 σι
1407 2104 1605 2174 Latinarum
1621 2103 1742 2173 litera·

495 2235 608 2293 tarum
627 2222 850 2294 maioribus,
862 2221 1106 2312 (ἣοιιεατιλε,
1123 2230 1189 2295 ίἹό
1199 2224 1241 2312 ί),
1254 2231 1303 2294 ότι
1316 2228 1398 2295 θέλει
1411 2218 1605 2317 δημοσιεόσει
1616 2218 1668 2293 διά
1683 2239 1741 2293 τοῦ

495 2347 595 2411 τόπου
615 2346 783 2436 συλλογήν,
804 2345 1006 2435 περιέχουσαν
1022 2346 1127 2410 πάντα
1144 2346 1186 2410 τὰ
1206 2335 1374 2410 ἐκδοθέντα
1393 2344 1469 2435 ἔργα
1488 2354 1544 2408 τοῦ
1560 2337 1740 2409 Ἀλλατίου.

495 2452 524 2525 1‘1
549 2459 715 2550 ὑπόσχεσις
742 2459 823 2530 αὕτη
853 2459 998 2550 περιττὸν
1026 2459 1063 2522 νόι
1089 2461 1180 2535 εἴπω,
1204 2460 1253 2524 ότι
1272 2448 1409 2533 οὐδόλως
1430 2457 1743 2548 ἐπραγματοποιιίθη·

496 2575 699 2667 Σημειωτέον,
720 2578 769 2640 ότι
789 2576 926 2650 ἅπαντας
945 2572 974 2640 οἱ
993 2575 1082 2666 μέχρι
1101 2565 1194 2640 τοῦδε
1213 2576 1243 2640 ἐν
1264 2589 1330 2650 τοῖς
1350 2564 1505 2665 διαφόροις
1534 2576 1602 2665 περὶ
1622 2568 1743 2640 Ἀλλα-

496 2693 564 2757 τίου
584 2691 890 2784 πραγματευομένοις
909 2692 1038 2774 βιβλίοις
1063 2693 1240 2783 κατάλογοι
1255 2702 1318 2756 τῶν
1334 2691 1472 2757 ἐντόπων
1489 2692 1743 2781 συγγραμμάτων

495 2807 592 2872 αὐτοῦ
609 2807 666 2872 είσλ
681 2809 753 2871 λίαν
781 2808 932 2881 ἐλλειπεῖς
948 2808 1001 2869 καὶ
1022 2804 1095 2896 ὑπέρ
1115 2806 1153 2870 τό
1169 2797 1240 2871 δέον
1261 2807 1421 2896 σφαλεροί,
1437 2807 1509 2881 ἴσως
1525 2795 1607 2870 διότι
1623 2803 1652 2871 οἱ
1669 2809 1741 2896 ἐρα-

494 2924 595 2989 νισταὶ
611 2924 714 2988 αὐτῶν
734 2923 804 2987 ἀντὶ
833 2923 871 2986 νόι
891 2922 1044 3013 ρυπσίνωσι
1065 2924 1171 3015 ὀλίγον
1188 2925 1259 2998 τοὺς
1278 2914 1454 2998 δακτύλους
1473 2928 1742 3015 φυλλολογοῦντες

493 3038 535 3103 τά
562 3030 627 3105 ἴδια
646 3052 703 3106 τοῦ
722 3033 891 3105 Ἀλλατίου
912 3039 1094 3129 πονήματα,
1115 3040 1197 3115 ὅπως
1219 3040 1341 3104 τούτων
1360 3039 1416 3114 τὰς
1446 3039 1617 3129 ἐπιγραφὰς
1637 3065 1743 3106 κατα·

492 3151 662 3245 γράψωσιν,
692 3155 912 3245 άντιγράφουσι
932 3155 989 3229 τὰς
1010 3153 1069 3219 ὑπό
1091 3165 1148 3219 τοῦ
1176 3155 1310 3235 Βαόλου,
1342 3153 1472 3245 Μορέρη,
1492 3156 1656 3261 Φρεχέρου,
1671 3145 1743 3221 ‘Po-

492 3271 571 3350 σίου,
590 3273 722 3362 Χάλαμ,
741 3273 795 3335 καὶ
815 3270 922 3335 ἄλλων
942 3271 1101 3346 ἀλλήλους
1120 3267 1379 3361 ἀναγραψάντων
1399 3263 1609 3362 λεξικολόγων
1627 3270 1647 3344 ἢ
1665 3298 1742 3364 χρο-

492 3388 652 3477 νογράφων
673 3387 911 3477 ἀναφερομένας.

542 3611 602 3698 21)
636 3616 730 3680 Κατὰ
757 3616 812 3680 τὸν
839 3599 950 3706 Ἀγιον
974 3604 1169 3707 Ἱερώνυμον,
1197 3614 1360 3707 ἢμᾶλλον
1380 3618 1465 3682 κατὰ
1485 3618 1540 3683 τὸν
1560 3621 1744 3712 συγγραφέα

495 3741 557 3796 τῶν
575 3719 747 3822 Ἐόραϊκῶν
778 3720 999 3821 Παραδόσεων,
1029 3731 1275 3822 ἡΝεκρόμαντις
1297 3731 1479 3796 Πυθὼνισσα
1507 3733 1601 3814 αὕτη,
1620 3736 1687 3825 περὶ
1707 3729 1742 3810 ἧς

493 3858 644 3922 τοσοῦτος
663 3846 784 3936 γίνεται
804 3844 899 3936 λόγος
919 3847 950 3910 ἐν
970 3859 1040 3921 ταῖς
1058 3839 1351 3921 Ἐκκλησιαστικαῐς
1372 3861 1579 3937 συγγραφαῖς,
1601 3843 1661 3933 ἦτα
1681 3850 1745 3939 μή·

494 3987 551 4050 τηρ
584 3971 641 4026 τοῦ
666 3952 785 4049 Ἀόνέρ,
805 3971 862 4024 τοῦ
887 3957 952 4024 υἱοῦ
969 3970 1026 4024 τοῦ
1047 3961 1115 4051 Νόρ
1145 3962 1230 4026 κατά
1257 3951 1352 4025 Δαυΐδ
1386 3951 1421 4026 δὲ
1438 3961 1494 4025 τόν
1512 3966 1659 4052 Κιμχλῆν
1684 3957 1744 4034 ἧτο

495 4077 571 4167 γυνὴ
591 4087 648 4142 τοῦ
666 4077 848 4166 Σωφρονίου,
867 4077 920 4140 καὶ
946 4075 1031 4140 κατά
1050 4069 1187 4142 Φλάόιον
1206 4071 1354 4149 Ἰώσηπον
1371 4071 1447 4148 ἦτον
1466 4076 1572 4154 ἁπλῶς
1608 4080 1741 4159 ἐπαίτις,

497 4196 564 4270 ἥτις
584 4184 717 4284 ἐκέρδιζε
741 4193 782 4256 τὰ
800 4192 874 4282 πρὸς
893 4193 931 4258 τὸ
946 4183 1014 4279 ζῇν,
1034 4194 1274 4287 ἐπαγγελομένη
1293 4192 1351 4262 τὴν
1370 4195 1531 4284 μαντείαν.

546 4417 605 4504 22)
634 4422 826 4513 Σημειωτέον
841 4424 903 4503 ότι,
924 4424 1013 4500 ἐκτὸς
1029 4435 1093 4491 τῶν
1111 4424 1381 4517 μνημονευθέντων
1400 4425 1538 4490 ἐντόπων
1557 4427 1745 4518 ποιημάτων

495 4549 553 4604 τοῦ
571 4531 754 4616 Ἀλλατίου,
773 4536 944 4628 ὑπάρχουσι
975 4540 1263 4630 κατακεχωρημένα
1278 4541 1309 4604 ἐν
1330 4539 1487 4614 πλείστοις
1507 4541 1747 4632 συγγράμμασιν

496 4643 643 4722 Ελλήνων
664 4650 879 4740 συγγραφέων,
900 4650 959 4718 ὑπό
980 4663 1081 4742 σοφῶν
1104 4645 1222 4745 ἀνδρῶν
1250 4654 1335 4720 κατά
1355 4644 1518 4745 διαφόρους
1537 4657 1661 4745 καιροὺς
1693 4658 1746 4723 ἐκ·

496 4758 671 4858 δεδομένων
686 4758 752 4832 ἴδια
771 4768 867 4833 αὐτοῦ
888 4770 1017 4859 σχόλια,
1037 4761 1223 4860 διορθώσεις,
1253 4771 1471 4863 μεταφράσεις,
1493 4770 1672 4852 ἐπιστολαί,
1693 4774 1746 4836 καὶ

497 4884 637 4949 ποικίλαι
671 4882 857 4973 ἀναγνώσεις
878 4876 1009 4965 (variae
1029 4876 1215 4968 lectiones).
1235 4867 1339 4962 Ἀξιαι
1358 4877 1393 4951 δὲ
1412 4887 1600 4978 περιεργείας
1617 4883 1694 4952 εἶναι
1714 4884 1747 4951 αἱ

497 4997 707 5072 πολυπληθεῖς
727 4996 904 5086 σημειώσεις
933 5001 986 5064 καί
1007 5002 1245 5092 παρατηρήσεις,
1278 4998 1310 5066 αἱ
1330 4994 1381 5066 ὑπ’
1397 5000 1493 5066 αὐτοῦ
1514 5013 1678 5092 γραφεῖσαι
1704 5001 1746 5075 εἰς

500 5113 542 5176 τά
560 5112 722 5203 περιθὼρια
751 5115 907 5180 πλείστων
925 5108 1052 5200 βιόλίων
1077 5129 1133 5193 τῆς
1151 5111 1331 5209 Βαβερινῆς
1350 5119 1404 5183 καὶ
1423 5128 1478 5192 τῆς
1498 5126 1747 5182 Βατικανο-Πα-

500 5229 628 5301 λατινῆς
645 5218 854 5309 βιόλιοθήκης,
882 5229 918 5305 ἇς
931 5254 985 5321 περ
1006 5230 1022 5296 ὁ
1041 5231 1099 5304 τὴν
1119 5220 1240 5322 Ῥώμην
1267 5233 1528 5323 ἐπισκεπτόμενος
1542 5221 1674 5297 δύναται
1695 5233 1747 5298 εὐ·

500 5340 600 5415 κόλως
615 5339 653 5404 νά
667 5330 719 5424 ἴδῃ
734 5346 921 5434 περιιργείας
939 5347 1037 5437 χάριν.
1058 5340 1108 5412 Ἐν
1125 5358 1167 5435 τῇ
1182 5340 1365 5432 βιίλιοθιίκῃ
1383 5359 1440 5414 τοῦ
1456 5357 1640 5437 Βρετανικοῦ
1661 5357 1748 5414 Μου-
