4644 6758
551 1149 594 1216 ⁴0
1122 1158 1208 1216 mox

599 1333 680 1422 Καὶ
702 1335 756 1423 τά
775 1336 840 1440 μὲν
858 1335 939 1440 περὶ
968 1333 1183 1443 γεννήσεως,
1214 1331 1409 1442 πατρίδος,
1448 1335 1580 1441 γονέων
1599 1339 1667 1426 καί
1690 1337 1774 1444 θρη·

547 1469 675 1571 σκείας
710 1469 867 1570 Λέοντος
887 1479 951 1560 τοῦ
972 1469 1176 1561 Ἀλλατίου
1191 1481 1369 1579 τοιαῦτα,
1403 1475 1456 1562 τά
1479 1475 1518 1562 δὲ
1538 1473 1620 1581 περὶ
1643 1472 1777 1565 ἐκπαι-

546 1609 697 1710 δεῦσεως
720 1612 869 1699 καὶτοῦ
887 1618 1015 1700 λοιποῦ
1034 1608 1113 1722 βίου
1137 1609 1289 1727 ἔχουσιν
1304 1608 1352 1710 ὧς
1369 1607 1464 1718 ἑξῆς.

597 1748 834 1854 Ἐννεαετης,
866 1757 955 1839 κατ’
976 1747 1113 1848 άλλους
1136 1753 1174 1838 δὲ
1188 1752 1367 1853 δεκαετὴς
1388 1749 1494 1857 μόλις
1513 1753 1584 1855 τὴν
1621 1751 1778 1856 ἡλικίαν

544 1893 612 1994 ὢν,
629 1887 773 1991 ἕστάλη
790 1889 896 1976 κατά
912 1890 1122 1994 προτροπὴν
1139 1897 1204 1976 τοῦ
1221 1887 1263 1978 ἐκ
1281 1888 1417 1995 μητρὸς
1436 1885 1539 1976 θείου
1566 1886 1683 1980 αῦτοῦ
1701 1898 1775 1981 Μι-

544 2025 652 2141 χαὴλ
664 2021 841 2132 Νευρίδη,
878 2022 928 2123 εἷς
943 2025 986 2113 τὸ
998 2018 1132 2132 τάγμα
1162 2020 1363 2127 ἀνήκοντος
1381 2033 1446 2113 τοῦ
1462 2030 1604 2142 Ἰησοῦ,
1621 2024 1662 2116 ἔκ
1676 2025 1776 2116 Χίου

544 2155 593 2256 εἷς
611 2157 838 2269 Καλαβρίαν
858 2171 926 2265 τῆς
959 2161 1198 2269 Νεαπόλιως,
1227 2158 1311 2248 ἔνθα
1343 2158 1412 2249 ῦπδ
1443 2163 1515 2264 την
1531 2163 1775 2269 προστασίανΙ

544 2308 608 2386 τοῦ
629 2295 789 2413 εὐγενοῦς
823 2305 889 2388 καί
911 2311 1092 2408 κραταιοῦ
1126 2299 1361 2390 Σπινελλείου
1391 2300 1490 2393 οἴκου
1525 2302 1661 2409 ἤρξατο
1695 2315 1769 2395 τῶν

543 2450 872 2547 προκαταρκτικῶν
905 2441 1103 2556 ἐγκυκλίων
1138 2443 1370 2549 μαθημάτων
1406 2438 1444 2528 ἓν
1460 2452 1509 2559 τῇ
1530 2439 1606 2532 ἐκεῖ
1622 2450 1771 2560 Σχολῇ,

543 2578 612 2668 ὑπὸ
633 2578 784 2670 πάντων
801 2588 874 2670 τῶν
894 2578 1131 2670 διδασκάλων
1146 2579 1209 2670 διά
1223 2612 1265 2668 τε
1286 2580 1327 2668 τὸ
1347 2577 1518 2687 άυμαθὲς
1551 2584 1616 2671 καί
1633 2579 1769 2672 άοκνον-

542 2721 608 2809 καί
622 2720 813 2826 φιλόπονον
823 2721 1096 2828 ἐπαινούμενος,
1108 2722 1174 2808 καὶ
1190 2723 1252 2810 διά
1266 2721 1310 2808 τὸ
1323 2717 1607 2835 εὐπροσήγορον,
1618 2718 1770 2810 ἀστεῖον·

540 2858 606 2946 καί
624 2857 778 2976 ἐπίχαρι
799 2867 864 2945 τοῦ
893 2858 998 2960 ἤθους
1013 2856 1270 2973 ἀγαπώμενος.

589 2997 643 3086 Τδ
676 2998 834 3086 δέκατον
854 2997 1033 3105 τέταρτον
1053 2995 1155 3104 άγων
1186 2996 1320 3106 μετέδη
1342 2994 1392 3097 εἷς
1410 2993 1573 3105 Ῥώμην,
1596 2992 1686 3084 ὅπου
1702 2997 1769 3084 διά

539 3149 607 3245 τῆς
625 3135 792 3244 ἕπιρδοῆς
826 3146 891 3224 τοῦ
919 3140 1132 3242 προστάτου
1168 3133 1282 3225 αὐτοῦ
1307 3134 1555 3242 Καρδιναλίου
1576 3132 1768 3225 Φιλίππου

539 3281 741 3369 Σπινέλλου
770 3277 989 3396 κατετάχθη
1009 3277 1059 3378 εἷς
1079 3282 1122 3368 τὸ
1145 3277 1226 3368 ἐκεῖ
1250 3280 1469 3381 Ἑλληνικὸν
1500 3278 1701 3382 Κολλέγιον
1721 3277 1764 3365 τὸ

541 3415 610 3506 ὑπὸ
628 3420 693 3503 τοῦ
711 3426 777 3522 τῆς
796 3408 941 3523 Ῥώμης
953 3422 1094 3504 κλεινοῦ
1112 3416 1342 3519 Ποντίφηκος
1356 3411 1559 3521 Γρηγορίου
1572 3420 1641 3498 ΙΓ’
1657 3412 1764 3501 κατά

539 3556 583 3641 τὸ
599 3562 721 3670 ομφπά
737 3552 818 3652 ’έτος
842 3555 1037 3657 συστηθέν,
1071 3548 1156 3657 ῦπερ
1177 3554 1246 3655 τὴν
1281 3560 1346 3639 τοῦ
1380 3550 1507 3654 Ἀγίου
1539 3547 1766 3638 Ἀθανασίου

539 3692 743 3805 δνομασίαν
758 3693 888 3805 λαῦόν,
906 3692 954 3795 ὣς
974 3695 1091 3809 μέγας
1110 3693 1244 3799 πυρσὸς
1261 3691 1298 3781 ἓν
1319 3692 1423 3780 νυκτὶ
1439 3689 1610 3806 ἀσελήνῳ
1625 3689 1763 3798 ἐπεφά-

539 3870 581 3940 νη
602 3833 669 3921 καί
686 3834 756 3932 τάς
769 3831 927 3942 λάμψας
939 3828 1054 3921 αῦτοῦ
1067 3827 1322 3922 καθ’άπασαν
1335 3832 1405 3933 τὴν
1419 3834 1622 3937 Ἑσπερίαν
1638 3827 1762 3936 Εὐρώ-

536 4006 612 4080 πην
645 3977 811 4068 διέδωκεν
826 3980 880 4085 8).
920 3984 1026 4066 Ἐκεῖ
1049 3975 1240 4079 διήκουσεν
1262 3971 1280 4064 δ
1308 3972 1412 4063 Λέων
1442 3982 1516 4063 τῶν
1531 3973 1761 4081 μαθημάτων

536 4125 605 4222 τῆς
624 4115 850 4226 φιλοσοφίας,
867 4127 934 4223 τῆς
953 4114 1148 4220 θεολογίας
1168 4120 1235 4203 καὶ
1257 4124 1324 4222 τῆς
1339 4111 1564 4222 φιλολογίας.
1589 4113 1701 4203 Μετά
1718 4113 1761 4202 τὸ

537 4251 654 4359 πέρας
673 4258 712 4342 δὲ
740 4263 815 4345 τῶν
837 4259 1086 4345 σπουδῦντοο
1115 4255 1311 4360 Βερνάρδος
1330 4248 1630 4355 Ἰουστινιάνηςδ
1651 4260 1760 4358 Χῖος,

538 4389 556 4479 ὅ
575 4402 643 4500 τῆς
660 4390 698 4481 ἓν
713 4391 901 4484 Νεαπόλει
921 4390 1134 4501 Ἀγγλώνης
1153 4392 1239 4482 τότε
1255 4389 1475 4500 ἐπίσκοπος,
1498 4389 1592 4496 άνὴρ
1612 4391 1666 4478 τά
1688 4389 1762 4498 μά·

536 4540 652 4624 λιστα
668 4536 840 4652 νουνεχὴς
854 4533 921 4623 καί
953 4541 1025 4622 τῶν
1042 4533 1242 4636 ἓλληνικιῦν
1261 4528 1493 4647 γραμμάτων
1512 4527 1580 4618 οῦκ
1597 4527 1761 4639 άμοιρος,

537 4672 703 4774 άκοῦσας
718 4674 781 4764 τδν
815 4674 949 4763 ἑαυτοῦ
969 4674 1094 4780 νεαρὸν
1124 4671 1357 4780 συμπολίτην
1379 4670 1450 4761 ῦπδ
1480 4677 1628 4760 πολλῶν
1644 4678 1761 4780 σοφῦν

537 4810 676 4919 ἀνδρῶν
687 4810 971 4922 θαυμαζόμενον
986 4812 1052 4901 καὶ
1065 4807 1401 4920 ἔπεορημοῦμενον,
1416 4804 1763 4915 προσεκάλεσεναῦ-

536 4950 601 5039 τὸν
615 4948 666 5049 εἷς
681 4951 902 5058 συνέντευξιν
918 4953 987 5041 καί
1008 4950 1221 5058 προσέφερεν
1241 4944 1345 5060 αῦτῷ
1360 4945 1449 5038 ἀντὶ
1470 4943 1587 5054 ἁδρᾶς
1608 4980 1762 5063 χρημα·

535 5092 643 5189 τικῆς
669 5087 851 5194 μηνιαίας
871 5087 1042 5197 σἰμοιῦῆς,
1064 5090 1134 5190 τὴν
1165 5088 1269 5178 θέσιν
1307 5084 1471 5203 μεγάλου
1504 5081 1689 5198 βικαρίου,
1715 5079 1760 5184 ἢν

534 5219 672 5335 δεχθεὶς
689 5219 708 5312 ὅ
731 5221 930 5327 Ἀλλάτιος
942 5227 1041 5335 μετά
1053 5222 1217 5335 τριετίαν
1227 5228 1424 5334 κατέλιπε,
1437 5227 1553 5317 ποθοῦν
1567 5219 1761 5314 νάάσπα-
