4626 6728
914 1058 1089 1117 ΛΕΟΝΤΟΣ
1104 1059 1301 1118 ΑΛΛΑΤΙΟΥ
1318 1061 1450 1118 mu.

782 1251 890 1338 Είσδύς
911 1253 1105 1352 ὑπεξείρυσσε
1125 1263 1295 1355 χρημάτων
1315 1264 1442 1354 λόγους,

780 1376 861 1451 Φυὰς
882 1370 912 1442 τ’
931 1377 1068 1459 ἀληθεῖς,
1089 1378 1125 1444 οὐ
1143 1369 1248 1455 δόλοις
1269 1371 1477 1469 βεόαμμίνας.

780 1493 824 1557 Οὐ
843 1496 920 1585 φημὶ
946 1488 976 1559 τ’
990 1493 1090 1574 ἄλλα,
1109 1509 1176 1572 τοῖς
1196 1491 1230 1561 εὖ
1247 1493 1422 1587 ἀνθρώπους
1443 1493 1526 1584 ἄγαν

778 1591 884 1698 λ’)ρδον·
910 1611 1009 1675 λάλον
1027 1609 1088 1702 γὰρ
1103 1610 1168 1676 αἰὲν
1192 1610 1326 1702 ἐχθαίρω
1348 1610 1465 1700 στόμα.

826 1723 912 1795 Αὐτὴ
932 1714 961 1788 δ’
976 1724 1038 1816 ἐγὼ
1057 1721 1182 1816 μόροψιν
1200 1726 1231 1790 ἐν
1250 1737 1378 1817 μακροῖς
1395 1722 1516 1815 χρόνοις

780 1824 923 1923 Ιῖνασσα,
954 1844 1008 1907 καί
1023 1833 1162 1915 κήδευσα
1177 1845 1359 1935 προστάτην
1376 1840 1467 1920 λεὼν,

777 1952 878 2024 Πάντ’
892 1959 1030 2050 εὐτυχῶς
1047 1960 1214 2026 πάντεσσιν
1233 1957 1451 2048 ιύθηνουμίνη,

775 2068 909 2166 Ᾰγαθῶν
933 2077 1002 2153 ἅλις
1022 2079 1176 2161 βαλοῦσα,
1192 2078 1245 2142 καί
1266 2077 1332 2161 βίον
1350 2073 1462 2153 πολόν,

774 2176 861 2256 ὅταν
877 2181 906 2255 δ’
920 2192 970 2257 ἐπὶ
989 2182 1126 2283 ζυγοῖσιν
1146 2184 1259 2282 ἑζόμην
1276 2190 1420 2283 κράτους,

774 2301 847 2369 Οίον
862 2299 1028 2396 κρατοῦντ’
1042 2306 1136 2384 ἔοικε,
1154 2306 1302 2397 κυμάτων
1320 2304 1408 2395 ἄτερ,

773 2424 876 2499 Ζάλης
890 2447 927 2489 τε
951 2429 1073 2505 νηλοῶς,
1093 2425 1147 2488 καὶ
1166 2423 1414 2513 πυλυγνοίμππου
1432 2409 1542 2501 δόλου,

772 2539 878 2622 Δίκησι
892 2530 921 2604 δ’
932 2539 1047 2631 όρθαῖς,
1070 2541 1123 2604 καί
1143 2538 1306 2630 θεμιστείῳ
1323 2539 1377 2622 βία

772 2656 905 2732 Πτόλεις
918 2647 1096 2739 διῃτήσασα
1110 2655 1278 2747 παμρόρως
1297 2655 1399 2746 μάλα,

770 2756 876 2837 ὁλόυυ
891 2766 921 2838 τ’
933 2775 963 2850 ἐς
983 2773 1064 2864 ἄκροι
1083 2777 1298 2838 ναυστολοῡσα
1318 2772 1452 2864 μυρίους,

770 2889 874 2981 Δήμου
895 2883 950 2956 ἀπ’
967 2890 1064 2982 ἔργων
1084 2881 1191 2966 ἔξτλόν
1210 2883 1242 2981 γ’
1258 2889 1410 2961 ἀησόλων.

816 3007 929 3094 Κᾴυτη
944 3000 1038 3102 ζυγόν
1062 2998 1214 3080 δύστηνον
1229 3000 1358 3080 εἰσίόην·
1370 3009 1402 3074 τί
1416 2998 1447 3073 δ’
1457 3008 1493 3074 οὔ
1510 3029 1519 3090 ;

768 3117 834 3193 Είδ’
847 3127 882 3191 ἐκ
901 3136 981 3191 Θεοῦ
1001 3123 1137 3217 πέφυκα,
1157 3117 1230 3191 ἀλλ’
1244 3125 1301 3191 οὐκ
1318 3120 1356 3197 ἦν
1377 3125 1462 3202 θοός.

767 3239 872 3314 θνητὴ
898 3232 927 3306 δ’
942 3241 1024 3317 ὅπως
1038 3245 1221 3331 στολμοῖσιν
1240 3239 1395 3331 ἡρμόσθην
1416 3243 1548 3332 βροτῶν,

766 3360 906 3431 Πολλαῖς
922 3349 952 3419 τ’
970 3347 1092 3447 ἐτρίόην
1111 3357 1260 3445 κοιράνων
1278 3356 1480 3445 ἐναλλαγαῖς.

764 3471 828 3535 Καὶ
848 3468 906 3559 γὰρ
928 3482 1035 3545 κακοῖς
1054 3469 1203 3550 θητευσα,
1223 3469 1413 3561 παρανόμοις
1433 3462 1461 3533 θ’
1480 3467 1572 3561 ὁμοῦ,

763 3568 873 3677 θργοις
888 3586 1037 3675 ἀλιτροῖς,
1051 3585 1105 3649 καί
1120 3574 1333 3658 δυσεκνίπτοις
1347 3582 1421 3674 κέαρ

762 3700 928 3766 Λόσσαισιν
944 3699 984 3778 ὡς
1004 3701 1166 3792 ἔκπαγλον
1182 3691 1409 3791 ἐξῃσχυμίνυις.

762 3801 856 3884 ἐνθεν
875 3818 1005 3892 κυλίσθη
1025 3828 1115 3910 πῆμα
1126 3840 1179 3908 μοι
1200 3814 1297 3906 μολόν
1317 3814 1414 3907 μέγα,

760 3934 940 4026 Βλαρθεῖσα
958 3928 988 4000 τ’
1002 3933 1093 4009 ἄταις
1112 3938 1251 3999 πλοῦτον
1269 3929 1304 3995 όν
1322 3927 1408 4022 εἶχον
1426 3929 1466 3995 τὸ
1484 3927 1567 4020 πρίν,

759 4050 886 4140 Μορρὴν
902 4044 932 4116 τ’
946 4052 1074 4131 όλεσσει,
1093 4060 1157 4115 πᾶν
1176 4040 1207 4113 τ’
1218 4044 1370 4139 ἀφῃρέθην
1388 4044 1490 4121 MS·

757 4155 881 4257 Ᾰνδρῶν
896 4157 931 4231 δὲ
950 4166 1131 4257 χειρωθεῖσα
1149 4164 1304 4239 πολλάκις
1325 4163 1418 4248 βίαις,

757 4279 845 4354 Μόλη
870 4282 1055 4373 σπαράχθην
1070 4284 1123 4347 καί
1141 4281 1372 4372 κατανάλωμαι
1387 4286 1502 4352 κακῶς.

803 4400 866 4464 Καὶ
887 4409 992 4464 ταῦτα
1012 4397 1131 4488 μέντοι
1147 4397 1265 4488 οἰκτρά·
1284 4407 1441 4486 καρτερεῖν
1458 4383 1488 4458 δ’
1502 4393 1602 4482 ὅμως,

753 4514 854 4577 Τάκεν
874 4514 951 4590 θεὸς
969 4504 1117 4594 δέδωκεν,
1135 4513 1266 4603 εὐμενῶς
1292 4501 1367 4591 ίδιι,

752 4627 855 4720 Φέρειν
870 4653 907 4694 τε
926 4635 1028 4719 ῥᾷστα
1047 4619 1212 4718 ξυμροράς·
1228 4627 1294 4693 ἐπεὶ
1319 4615 1355 4690 δέ
1368 4649 1416 4699 τις

751 4741 824 4811 Οίον
843 4746 922 4812 λέων
937 4736 1095 4836 δαρυινός,
1119 4740 1138 4817 ἢ
1156 4744 1247 4833 βαρὺς
1266 4735 1403 4835 δράκων,

746 4859 860 4938 Μονιός
873 4884 910 4927 τε
923 4870 989 4941 σῦς,
1003 4849 1069 4924 οὔδ’
1079 4847 1145 4924 οὐδ’
1158 4851 1244 4949 ὄνομ’
1258 4857 1391 4924 ἐννίπιιν
1409 4855 1522 4938 καλόν,

746 4977 785 5045 El
801 4978 855 5046 καί
866 5002 917 5070 μιν
937 4975 1032 5053 αθτθς
1048 4973 1143 5041 αὐτόν
1163 4965 1195 5050 ἐξ
1215 4958 1301 5066 Ᾰγαρ
1322 4972 1422 5065 λίγει,

745 5094 899 5161 Σκυθικῶν
912 5090 1091 5175 ἐπαληθείς,
1112 5088 1263 5156 Κασπίων
1281 5082 1312 5155 τ’
1327 5077 1502 5181 ἐρημάδων,

746 5203 806 5277 1'13’
822 5215 881 5278 εἴτι
900 5211 1008 5277 κείνων
1027 5207 1126 5285 θῶκος
1146 5199 1353 5300 ἐξωλέστερος

748 5318 830 5416 Ἡμῖν
847 5327 963 5392 κυῖσκιι
983 5333 1102 5408 ταῦτα,
1125 5324 1179 5389 καὶ
1194 5318 1298 5414 πρίριι
1316 5318 1407 5401 τίκη,
