4626 6728
638 1150 644 1163 .
756 1105 885 1166 moins
905 1074 1049 1166 ainarn
1070 1103 1219 1164 neniis.
1568 1107 1607 1166 -n

622 1303 861 1376 Desideratum
873 1301 943 1397 qud
965 1301 1062 1396 sequi
1088 1312 1211 1373 nutum
1231 1312 1346 1396 queat,

622 1420 699 1491 Non
714 1420 830 1511 cessit,
850 1430 910 1492 aut
928 1419 1055 1514 adjecit
1069 1418 1243 1512 extemplo
1260 1417 1392 1513 capnt?

622 1537 683 1607 Est
697 1538 765 1608 alia
785 1560 859 1608 sors
874 1533 1087 1630 quaerenda?
1105 1536 1253 1607 tellnsne
1267 1536 1377 1608 altera

623 1652 793 1724 Calcanda
807 1651 964 1746 pedibus,
981 1674 1100 1721 rursus
1116 1650 1231 1744 erupit
1250 1650 1346 1722 vadis

623 1767 740 1861 Pelagi
758 1764 971 1861 profundis?
989 1766 1093 1856 lortd,
1113 1767 1167 1836 vel
1179 1765 1277 1860 jussu
1295 1765 1373 1855 Dei,

623 1886 765 1955 Emersa
783 1883 931 1980 primirm
952 1895 1016 1974 est,
1035 1883 1160 1976 prima,
1172 1882 1242 1977 qud
1261 1882 1365 1976 primi
1379 1883 1533 1955 omnium

624 1998 729 2092 liegis
744 2021 907 2069 eoronam
920 1997 1147 2092 gloriabunda
1163 2007 1321 2091 occupet,

625 2117 805 2210 Decnsqua
823 2113 969 2187 servet?
997 2116 1109 2186 Causa
1128 2115 1305 2186 turhandae
1320 2140 1423 2211 snper

541 2250 544 2258 ·
625 2234 707 2305 Haeo
727 2256 795 2303 nna
815 2232 960 2317 mentis;
978 2232 1107 2303 Pressit
1122 2255 1274 2304 arumna
1291 2234 1423 2306 Ducem

624 2349 711 2421 Fors
731 2350 943 2444 imminente,
963 2349 1086 2422 tetrieo
1105 2362 1139 2422 et
1157 2352 1254 2422 vultu
1267 2352 1422 2425 omnium

626 2467 803 2561 Susdeque
817 2466 921 2538 rertit
940 2465 1066 2560 gaudia
1078 2489 1085 2534 :
1099 2477 1275 2561 expertem
1295 2478 1412 2540 torum

625 2586 713 2655 Nam
733 2583 830 2678 prole
849 2583 972 2674 cernit,
988 2582 1115 2654 sterilis
1135 2593 1168 2654 et
1187 2585 1317 2679 conjux
1336 2584 1396 2657 diu

627 2702 887 2778 Connubiorum
903 2703 1034 2773 sonore
1053 2712 1171 2795 optato
1188 2715 1290 2774 earet.

626 2817 781 2887 Iuvenile
796 2815 949 2887 thalamo
964 2828 1098 2909 tempus
1116 2816 1273 2887 accendit
1291 2817 1396 2909 faces,

627 2933 793 3026 AEtasqne
808 2932 940 3025 pollens
957 2930 1103 3022 viribus,
1128 2941 1163 3002 et
1179 2932 1268 3002 acris
1284 2932 1352 3003 viri

519 3132 522 3138 ¹
627 3046 747 3117 Virtus
762 3046 798 3116 in
815 3068 923 3116 annos
939 3045 1041 3139 repit,
1055 3055 1089 3116 et
1107 3045 1203 3116 senio
1220 3045 1378 3118 imminet

627 3160 857 3250 lnlructuosa,
880 3158 966 3253 proli
983 3158 1100 3230 dolori
1122 3171 1156 3231 et
1171 3160 1314 3235 inutilis.

626 3277 815 3367 Haeresque
835 3273 965 3362 deerat,
986 3274 1046 3368 qni
1066 3297 1126 3368 per
1146 3274 1331 3347 immensas
1351 3298 1446 3370 opes,

626 3389 671 3461 Et
690 3391 913 3485 possidendos
928 3390 1022 3461 ineat
1040 3393 1194 3462 Heroum
1211 3391 1365 3465 thronos.

627 3509 776 3580 Consors
798 3506 942 3579 maritus
960 3506 1053 3598 inde,
1083 3506 1287 3601 Conjnane
1307 3506 1449 3601 inclyta,

626 3627 670 3696 Et
690 3625 907 3698 subditorum
923 3625 1084 3720 quisque,
1098 3623 1154 3696 eui
1167 3647 1267 3695 carus
1286 3623 1352 3696 Dei

626 3741 679 3813 Sit
697 3742 824 3831 cultus,
844 3741 946 3812 oculo
966 3764 1093 3834 pronus
1111 3753 1214 3834 atque
1247 3740 1364 3810 animo
1382 3741 1523 3813 invocat

626 3856 796 3929 Prudente
811 3858 960 3944 Numen,
981 3855 1104 3944 lilium,
1119 3865 1154 3926 et
1169 3855 1286 3949 magni
1299 3879 1425 3950 rogans

627 3971 895 4043 Faeeunditatem
915 3971 1064 4064 generis,
1085 3980 1124 4041 nt
1144 3969 1257 4064 capiat
1278 3971 1419 4042 Patrum

626 4087 870 4160 Haereditatem
890 4085 1041 4156 liliorum
1061 4085 1177 4156 afiliis

625 4209 794 4300 Propago,
814 4216 847 4276 et
867 4204 988 4298 hospes
1001 4228 1044 4275 ne
1060 4203 1279 4274 subintrusus
1299 4203 1398 4274 ierat.

625 4323 716 4409 Quid
734 4344 817 4414 ergo
830 4319 849 4391 l
863 4319 1013 4414 liquidos
1033 4319 1093 4413 qui
1112 4330 1227 4390 movet
1246 4318 1330 4389 Coeli
1350 4319 1484 4412 globos,

625 4441 668 4509 Et
685 4438 847 4509 inretorto
864 4435 924 4530 qui
939 4435 1052 4505 solnm
1068 4435 1177 4506 froeno
1198 4434 1301 4528 regit,

625 4555 885 4648 Hominumque
910 4552 1014 4642 votis,
1031 4575 1093 4645 pro
1114 4552 1306 4640 voluntate,
1323 4550 1458 4639 annuit,

625 4671 694 4755 Qui
706 4682 830 4741 cuneta
851 4666 963 4758 inicit,
983 4682 1057 4738 arte
1072 4665 1221 4760 sapienti
1237 4689 1300 4736 sna

625 4786 766 4858 Molitus
786 4809 904 4880 opera,
925 4784 1048 4856 dividit
1066 4783 1171 4855 celeri
1198 4783 1351 4876 undique

626 4902 771 4972 Diversa
789 4913 886 4971 motu
901 4899 1055 4983 lumina;
1082 4897 1262 4991 ingenium
1284 4896 1377 4983 lieet,

626 5018 834 5113 Faciemque
849 5016 1017 5087 scelerum
1033 5015 1165 5100 videat;
1185 5012 1333 5086 advertit
1348 5024 1477 5104 tamen,

626 5135 743 5203 Partes
763 5146 797 5202 et
813 5131 914 5221 imas,
930 5130 1002 5224 ipse
1017 5152 1103 5224 quas
1114 5128 1256 5218 struxit,
1269 5125 1348 5218 soli,

626 5246 867 5319 Tumultuanti
887 5243 1042 5317 funditus
1057 5265 1198 5339 quassas
1216 5252 1314 5315 notat
1401 5259 1407 5267 ·

627 5363 777 5437 Fervore
792 5360 889 5456 belli,
909 5385 1038 5458 perque
1063 5359 1208 5435 remedii
1224 5358 1349 5433 inscias
