4644 6758
548 1078 590 1144 42
1115 1084 1201 1144 13102
1309 1076 1311 1080 '
1356 1080 1359 1085 “

544 1284 733 1394 τίμωνκαί
752 1283 921 1376 σπανίων
930 1284 1094 1376 ἔντιίπων
1104 1286 1251 1398 βιθλίων
1270 1273 1500 1400 βίθλιοθῆκην
1521 1270 1772 1385 τοῧΙΙαλατί-

542 1463 601 1514 νου
640 1425 879 1532 Ἐκλέκτορος
915 1422 1129 1534 Φρεδερίκου
1168 1423 1415 1537 Ε’,ἢναθτῷ
1436 1423 1542 1536 ὁτῆς
1581 1433 1769 1538 Βαυαρίας

542 1559 636 1666 Δοθξ
659 1560 926 1672 Μαξιμιλιανὸς
947 1559 965 1651 ὃ
981 1561 1110 1678 Μέγας
1128 1558 1355 1668 ἐδωρήσατο.
1388 1573 1507 1653 Τοῦτο
1525 1569 1558 1653 δ’
1575 1565 1729 1675 ἔπραξεν
1751 1569 1769 1659 ὃ

540 1700 738 1812 Γρηηέριος
759 1705 864 1792 κατά
884 1707 1091 1813 συμθοολὴν
1110 1714 1175 1792 τοῦ
1190 1714 1256 1811 τῆς
1273 1701 1516 1813 Οὖατικανῆς
1538 1710 1770 1818 Βιθλιοθήκης

540 1838 681 1950 έρθρον,
717 1845 966 1948 Καρδιναλίου
1006 1841 1204 1942 Σκιπίωνος
1241 1845 1521 1950 Κοθελλουτίον,
1543 1844 1644 1947 ὅστις
1682 1848 1769 1938 ἀντὶ

539 1986 613 2067 τῶν
635 1977 695 2066 ἐπὶ
709 1974 831 2090 τούτῳ
849 1975 1060 2088 ὑποψηριων
1079 1978 1255 2069 Σετωνίου
1271 1982 1336 2068 καὶ
1360 1978 1559 2087 Σκιωπίου,
1573 1981 1770 2092 ἔπρατίμη-

539 2153 581 2204 σε
612 2116 676 2205 τὸν
714 2118 916 2206 Ἀλλοίτιον
951 2114 998 2217 ὥς
1030 2114 1148 2224 ἀνδρα
1170 2115 1481 2226 δραστηριώτερον
1517 2120 1583 2207 καὶ
1624 2127 1767 2228 μᾶλλον

540 2251 641 2358 ἀξιον
661 2252 943 2363 ἓμπιοτοσιίνης.
1483 2352 1488 2363 ,

593 2392 827 2480 Ἐπανελθὼν
846 2390 864 2481 ὁ
883 2390 1082 2493 Ἀλλάτιος
1104 2392 1155 2494 εἷς
1177 2389 1344 2502 Ῥώμην,
1360 2396 1428 2484 καί
1461 2396 1525 2485 τὸν
1548 2401 1765 2507 προστατην

539 2531 605 2618 καί
619 2530 721 2637 φίλον
738 2531 853 2622 αὑτοῦ
863 2536 1020 2622 -Ποίπαν
1038 2533 1145 2639 εὑρὼν
1164 2535 1384 2640 τεθνηκότα,
1416 2534 1502 2626 ἀντὶ
1517 2537 1671 2648 ἀμοιθῆς
1693 2545 1766 2650 ⁴²),

539 2667 583 2772 ἢν
600 2669 749 2772 δικαίως
772 2677 853 2761 καί
883 2671 1040 2777 ἐπαξίως
1061 2673 1249 2781 ἀνέμενεν,
1286 2672 1387 2781 ἕτέθη
1407 2673 1455 2774 εἷς
1473 2676 1636 2782 εἱρκτὴν,
1658 2717 1767 2768 συκο-
1824 2744 1832 2757 -

535 2816 728 2921 ραντηθείς
762 2813 832 2905 ὑπὸ
858 2825 930 2904 τῶν
952 2816 1032 2922 περὶ
1051 2815 1114 2905 τὸν
1135 2816 1341 2924 Γοίοπαρον
1363 2813 1578 2907 Σκιοίππιον
1614 2822 1680 2907 καί
1702 2821 1766 2909 τὸν

534 2954 758 3062 Γονλιέλμον
794 2952 987 3064 Σετιίνιον,
1003 2955 1049 3056 ὧς
1069 2953 1309 3062 ὑπεξαιρέοας
1334 2956 1387 3044 τά
1405 2956 1679 3064 πολυτιμότερα
1698 2970 1765 3066 της

534 3092 965 3203 βιθλιοθηκης-κειμηλια.
986 3097 1064 3183 Καὶ
1082 3093 1112 3184 εἷ
1134 3099 1200 3204 μὲν
1219 3094 1242 3198 ἣ
1264 3097 1369 3183 κατὰ
1385 3104 1451 3181 τοῦ
1468 3095 1626 3194 Λέοντος
1644 3133 1767 3197 κατη·

539 3229 646 3337 γορία
684 3233 807 3351 εἴχετο
846 3232 1036 3349 ἀληθείας,
1072 3231 1286 3339 ἀγνοοῦμεν·
1329 3226 1552 3337 γινώσκομεν
1593 3229 1687 3337 ὅμως
1711 3229 1767 3321 δτι

540 3367 665 3484 ἀχθεὶς
683 3367 732 3465 εἷς
756 3366 862 3476 δίκην
879 3371 945 3457 καὶ
968 3370 1150 3469 δικασθεὶς
1170 3365 1331 3476 ἢθωώθη,
1351 3369 1417 3455 καὶ
1441 3368 1768 3478 ἀπορυλακιοθείς,

542 3506 611 3597 ὑπὸ
628 3515 693 3595 τοῦ
712 3509 959 3616 Καρδιναλίου
981 3508 1140 3598 Λαιλίοο
1162 3508 1308 3614 Βήσκια
1322 3512 1393 3620 43),
1405 3507 1524 3612 φύλαξ
1548 3521 1616 3617 τῆς
1633 3508 1769 3621 βιθλιο-

540 3645 651 3751 θήκης
677 3643 792 3736 αὐτοῦ
810 3646 1017 3767 ἀνεδείχθη·
1037 3645 1167 3737 τούτου
1190 3651 1228 3735 δὲ
1251 3644 1543 3749 τελευτήσαντος
1576 3658 1627 3758 τῷ
1646 3656 1767 3766 αχλη

540 3785 740 3896 Νοεμθρίου
764 3789 817 3874 κθ
838 3789 910 3896 Η),
947 3785 1120 3894 μετετέθη
1154 3784 1200 3886 ὥς
1224 3794 1385 3884 τοιοῦτος
1418 3781 1455 3874 ἓν
1478 3795 1526 3902 τῇ
1558 3793 1623 3872 τοῦ
1639 3792 1770 3890 Φραηᾱ

540 3927 667 4043 ηίσκου
686 3930 897 4036 Βαρθερίνου
915 3931 966 4035 ¹⁵)
986 3927 1233 4033 Καρδιναλίοο
1251 3928 1318 4016 καὶ
1335 3926 1484 4032 τούτου,
1502 3925 1641 4036 παρήἷ
1658 3926 1768 4044 μέχρι

541 4077 606 4155 τοῦ
623 4065 727 4184 ηχξοί
745 4065 846 4166 ἔτους
871 4065 1058 4172 διέμεινεν,
1081 4061 1141 4153 ὅτε
1159 4060 1435 4162 ἀποὸιώσαντος
1453 4072 1516 4152 τοῦ
1534 4060 1769 4174 βιθλιορθλα-

542 4238 604 4304 κος
625 4213 694 4290 τοῦ
717 4194 926 4292 Βαταανοῦ
945 4209 1077 4290 Λοοκᾶ
1093 4198 1306 4288 Ὀλοτενίοο
1325 4199 1394 4305 ιθλ,
1409 4195 1577 4304 διωρίσθη
1595 4198 1770 4317 διοίδοχος

542 4343 666 4435 αὐτοῦΙ
683 4343 752 4434 ὑπὸ
776 4353 841 4432 τοῦ
862 4340 989 4433 Πάπα
1007 4338 1249 4448 Ἀλεξοίνδρου
1264 4351 1329 4429 τοῦ
1351 4349 1409 4427 Z'.

595 4476 972 4597 Πραγματοποιήοας
986 4484 1080 4574 οθτω
1095 4487 1139 4574 τὸ
1154 4479 1286 4591 ὄνειρόν
1299 4517 1364 4571 του
1383 4480 1402 4570 ὁ
1420 4486 1638 4589 Ἀλλάτιος,
1652 4482 1770 4590 φύλαξ

542 4624 889 4741 δηλαδὴγενόμινος
903 4632 976 4713 τῶν
994 4629 1193 4728 θησαυρῶν
1206 4631 1274 4727 τῆς
1292 4629 1505 4727 Βατικανῆς
1524 4617 1768 4731 βιθλιοθήκης,

544 4765 633 4857 οθδὲ·
663 4767 750 4873 πρθς
764 4768 924 4874 στιγμὴν
946 4763 1096 4853 ἔπαυσε·
1115 4761 1224 4881 μέχρι
1241 4758 1401 4848 θανοίτοο
1415 4767 1593 4868 μελετῶν,
1611 4756 1771 4876 σχολαί-

546 4911 616 5001 ζων
635 4903 704 4990 καί
733 4901 845 5012 φέρων
864 4899 914 5002 εἷς
932 4909 1003 5010 φῶς
1034 4900 1087 4988 τά
1108 4895 1192 5018 οὐχὶ
1216 4908 1291 4998 τοῖς
1312 4907 1409 4989 πᾶσι
1448 4897 1610 5003 προσιτά
1645 4889 1770 4981 ἐκεῖνα

545 5037 720 5148 κειμήλια
731 5051 805 5149 τῆς
828 5037 957 5150 σοφίας
972 5047 1045 5128 τῶν
1061 5037 1232 5145 πατέρων
1251 5035 1370 5145 ημῶν,
1385 5030 1632 5124 ἀναδεικνύων
1654 5027 1771 5128 οὕτως

545 5176 729 5270 &adom
752 5179 822 5281 τὴν
842 5171 1011 5268 εὔκλειαν
1032 5184 1099 5282 τῆς
1119 5172 1302 5276 Ἐλλοίδος
1331 5173 1398 5264 ’καὶ
1422 5173 1484 5262 διὰ
1504 5168 1634 5260 τούτου
1668 5164 1772 5276 μεγί-
