4644 6758
537 1107 604 1178 ιοι,
719 1113 780 1172 1312
805 1115 855 1170 τι
875 1113 1168 1171 κιττολιιιιιτι
1187 1096 1368 1172 ιιιοιντοκ
1388 1103 1597 1169 mmor.

536 1304 642 1392 ἰατροῦ
661 1292 689 1366 δ’
697 1298 840 1390 ἐπιτίμου
866 1300 1011 1392 Καρύλου
1030 1310 1087 1366 τοῦ
1107 1288 1154 1380 B',
1174 1298 1310 1377 ἄνακτος
1335 1310 1392 1376 τῆς
1410 1300 1557 1390 Μεγάλης
1579 1299 1780 1389 Βρεττανίας,

535 1417 674 1490 Γαλλίας
692 1415 746 1478 καί
767 1404 919 1502 ’ίόιρνίας
937 1405 988 1477 Ἐν
1002 1405 1157 1494 Ἀθήναις,
1177 1413 1212 1478 ἐκ
1230 1424 1287 1479 τοῦ
1306 1413 1535 1503 τυπογραριίοο
1554 1423 1611 1491 τῆς
1633 1401 1780 1502 «Emm-

537 1621 631 1691 μάτων
659 1621 704 1671 καὶ
723 1617 854 1690 όμονοίας
872 1619 919 1669 καί
943 1613 1172 1690 δραστηριότητος
1191 1610 1342 1678 ῆδυνάτουν
1371 1614 1402 1667 νά
1418 1613 1704 1689 πραγματοποιῆσωσι
1733 1615 1781 1668 τὸν

537 1719 642 1770 σκοπόν
656 1718 758 1783 αὐτῶν,
773 1708 889 1767 άνέλαόε
909 1714 958 1777 τὴν
971 1708 1099 1788 ρροντίδα
1119 1721 1167 1765 τοῦ
1184 1713 1216 1765 νά
1232 1711 1411 1788 προμηθιυθῆ
1424 1708 1603 1776 κατάλληλον
1617 1721 1711 1787 χῶρον
1734 1713 1781 1763 καί

535 1816 636 1888 πόρους
652 1816 719 1887 πρὸς
739 1813 879 1887 ἀνέγερσιν
898 1811 992 1863 αὑτοῦ.
1009 1812 1066 1865 Καί
1081 1819 1190 1883 πρῶτον
1211 1809 1365 1885 έπισκέρθη
1379 1811 1425 1863 τόν
1439 1818 1487 1862 τοῦ
1503 1805 1635 1864 Λονδίνου
1664 1809 1779 1863 ἐπίσκο-

538 1962 591 2031 περὶ
606 1960 692 2012 τούτου
707 1961 756 2017 τοῖς
772 1955 856 2017 ἄλλοις
873 1954 1011 2015 ἐπισκόποις
1025 1955 1064 2006 καί
1077 1973 1125 2007 τισι
1144 1960 1192 2008 τῶν
1207 1950 1368 2026 εύπατριδῶν,
1385 1952 1423 2006 ἵνα
1438 1955 1540 2007 δώσωσι
1562 1953 1606 2020 τὴν
1627 1951 1782 2024 ἀγαθουργὸν

536 2045 673 2117 συνδρομὴν
688 2044 767 2097 αύτιῖιν
783 2045 842 2115 πρός
858 2042 1014 2114 οἰκοδόμησιν
1028 2050 1071 2095 τοῦ
1078 2042 1249 2113 προτιθεμένου
1264 2045 1333 2093 ναοῦ.

571 2133 721 2185 «δίετέπειτα
735 2131 873 2201 προσῆλθον
888 2137 924 2202 τῷ
939 2128 1067 2200 Διδάκτορι
1082 2128 1195 2200 Βαρόόζρι
1210 2125 1276 2190 όστις
1290 2129 1344 2181 τότε
1369 2124 1527 2199 ένηογολεῖτο
1556 2126 1589 2190 εἰς
1602 2124 1734 2198 οἰκοδομάς
1753 2123 1778 2178 έν

538 2220 649 2290 Σογειόις
664 2218 757 2289 ἀγροῖς.
773 2211 848 2277 Οὗτος
861 2216 887 2269 δέ
901 2218 952 2287 ἅμα
962 2216 1046 2287 μαθὼν
1060 2235 1109 2287 παρ
1116 2214 1183 2287 ’έμοῦ
1198 2213 1240 2268 τόν
1250 2213 1340 2268 σκοπόν
1349 2215 1468 2286 ύπεσρέθη
1482 2216 1565 2267 δοῦναι
1576 2212 1604 2267 τό
1618 2215 1724 2285 γῆπιδον
1738 2215 1780 2266 καί

538 2308 696 2376 οἰκοδομῆσαι
711 2303 741 2358 τά
751 2304 850 2374 θεμέλια
864 2303 900 2355 δι’
914 2300 975 2364 ἰδίας
990 2303 1064 2355 αύτοῦ
1079 2301 1196 2370 δαπάνης.
1211 2300 1350 2372 Ἔπομένως
1365 2300 1467 2372 ἤγγειλα
1482 2306 1558 2354 ταῦτα
1572 2306 1609 2372 τῷ
1628 2299 1779 2371 Ἐπισκόπῳ,

537 2397 562 2457 ὃς
577 2399 688 2467 πάραυτα
712 2395 832 2466 ύπεσγέίίη
849 2392 942 2455 ἐκλέξαι
956 2393 970 2446 ό
984 2392 1046 2455 ἴδιος
1060 2390 1088 2446 τό
1102 2398 1188 2464 τμῆμα
1207 2399 1249 2461 τῆς
1263 2397 1307 2464 γῆς
1321 2392 1416 2463 πέμψας
1436 2391 1488 2444 τινά
1502 2411 1525 2443 κ.
1542 2393 1621 2463 θρίρτ
1641 2390 1698 2462 μετ’
1710 2389 1779 2462 ἐμοῦ,

537 2483 564 2544 ὃς
577 2486 616 2534 καί
631 2481 776 2553 διεγάραξεν
791 2481 859 2534 αθτό.

568 2594 579 2613 «ι
589 2569 630 2621 Ἐν
645 2574 681 2640 τῷ
697 2576 775 2640 καιρῷ
793 2569 872 2639 τούτῳ
885 2567 1023 2638 προσῆλθον
1038 2566 1069 2628 τίς
1080 2567 1122 2634 τὴν
1137 2569 1165 2620 λ.
1182 2567 1377 2638 λίεγκλειότητα,
1394 2565 1426 2627 εἷς
1441 2566 1482 2619 τόν
1497 2568 1574 2620 δοῦκα
1587 2572 1629 2635 τῆς
1648 2566 1722 2636 ’Υόρκ
1738 2568 1779 2618 καί

537 2661 568 2720 είς
583 2658 689 2720 πολλοὺς
703 2664 751 2710 τῶν
767 2654 870 2729 εύγενιῖιν
888 2659 927 2709 καλ
942 2663 992 2709 τῶν
1005 2658 1137 2727 κληρικῶν,
1153 2658 1221 2728 οἷπερ
1235 2658 1386 2729 συνέδραμον
1403 2655 1544 2728 ἐλευθερίως
1572 2656 1613 2708 διά
1627 2657 1670 2724 τῆν
1684 2656 1781 2709 οἰκοδο-

539 2749 595 2818 μνζν,
606 2749 669 2799 ὥστε
679 2744 703 2798 ἐν
718 2743 784 2797 ἀστει
795 2746 834 2797 καὶ
849 2743 873 2796 ἐν
889 2742 962 2817 έξογῆ
976 2746 1181 2815 συνηθροίσθησαν
1197 2745 1274 2818 χίλιαι
1289 2747 1461 2812 πεντακόσιαι[
1467 2748 1542 2813 1500]
1558 2745 1635 2816 λέραε.
1651 2744 1713 2798 Τότε
1724 2740 1779 2797 ἐπι-

534 2837 627 2908 λῆρθην
642 2842 683 2903 τῆς
697 2834 863 2907 θεμελιώσεως
878 2833 915 2887 δι’
926 2832 987 2896 ἰδίας
1008 2832 1068 2905 ἐμοῦ
1082 2836 1189 2904 δαπάνης
1217 2837 1257 2888 καί
1271 2836 1303 2898 ὡς
1319 2833 1420 2899 έσύναζα
1439 2835 1481 2897 τὰς
1496 2833 1633 2906 συνδρομάς
1661 2834 1780 2905 προέύαι-

534 2944 574 2976 νον
589 2921 621 2984 εἰς
635 2921 677 2989 τὴν
692 2921 833 2993 οἰκοδομήν·
850 2919 990 2989 ἐδαπάνησε
1005 2921 1031 2974 δέ
1047 2921 1084 2975 δι’
1098 2920 1182 2989 αύτῆν,
1200 2924 1233 2984 ὡς
1244 2921 1328 2976 ἐκτῶν
1344 2923 1491 2986 ἀποδείξειαν
1505 2929 1554 2977 τῶν
1567 2921 1676 2994 ἐργατῶν
1691 2922 1782 2989 δηλοῦ-

533 3032 581 3069 ται,
602 3005 744 3070 ὀκτακοσίας
758 3011 826 3080 λίρας
843 3013 927 3077 [800J.
943 3008 972 3063 τό
986 3009 1012 3062 δέ
1023 3010 1154 3063 ύπόλοιπον
1169 3017 1217 3064 τῶν
1225 3011 1314 3085 χιλιον
1332 3011 1497 3081 πεντακοσίων
1511 3010 1588 3081 λιριῦν
1606 3007 1726 3071 εἰςέξοδα,
1743 3029 1781 3079 μι-

534 3102 604 3163 σθούς
619 3101 754 3172 ύπηρετῶν,
770 3099 939 3172 άμαξαγώγια,
958 3103 1092 3173 περιοδείας
1108 3098 1139 3162 εἱς
1154 3099 1182 3154 τό
1198 3099 1341 3172 ἐσωτερικὸν
1355 3108 1397 3154 τοῦ
1412 3103 1499 3164 τόπου,
1523 3101 1558 3154 ’έτι
1567 3099 1593 3152 δέ
1609 3099 1669 3170 πρός
1683 3099 1779 3168 διατρο·

535 3191 581 3261 ρῆν
594 3208 640 3260 μου
655 3189 717 3241 κατέι
731 3189 761 3242 τά
768 3190 894 3256 τελευταῖα
909 3188 1061 3258 παρελθόντα
1080 3187 1105 3251 ἓξ
1119 3188 1171 3256 έτη.

572 3275 659 3328 «Metui
673 3295 726 3328 τινα
740 3274 824 3345 καιρόν
837 3275 850 3327 ό
865 3273 920 3336 ναός
935 3270 1005 3336 ούτος
1020 3275 1100 3346 εύρέθη
1109 3275 1275 3347 οἰκοδομηθεὶς
1290 3275 1321 3338 εἷς
1337 3276 1508 3345 ἀκατάλληλον
1523 3277 1596 3336 θέσιν,
1612 3276 1720 3346 κείμενος
1736 3293 1781 3345 μα·

534 3365 594 3432 κράν
617 3370 666 3416 τῶν
685 3362 803 3429 οἱκῆσεων
826 3369 875 3415 τῶν
891 3364 1012 3417 πλείστων
1037 3364 1175 3431 Ἐλλῆνωιη
1204 3368 1381 3419 κατοικούντων
1402 3364 1550 3436 προστάντων
1574 3362 1606 3424 εἷς
1622 3364 1651 3415 τά
1667 3364 1783 3431 ἀπιθτιρα

535 3455 596 3522 μέρη
612 3458 655 3504 τοῦ
668 3451 764 3512 άστεος.
805 3451 943 3522 Ἐθεωρῆθη
968 3451 1053 3505 λοιπόν
1074 3454 1134 3524 μετὰ
1150 3456 1244 3525 ῶριμον
1265 3457 1348 3525 σκέψιν
1371 3456 1447 3507 καλὸν
1464 3455 1479 3520 ίη
1497 3452 1618 3523 ἐκποίησις
1639 3454 1726 3505 τούτου
1740 3456 1784 3503 τοῦ

540 3543 601 3590 ναοῦ
614 3539 653 3590 καὶ
667 3537 681 3604 ἡ
697 3537 814 3608 οἰκοδομὴ
835 3537 912 3590 άλλου
933 3537 957 3590 ἐν
972 3539 1178 3611 καταλληλοτέρῳ
1192 3545 1281 3613 χώρη).
1299 3542 1366 3594 Κατά
1385 3543 1510 3594 σανέπειαν
1525 3540 1656 3611 ἀνερέρθην
1671 3535 1730 3608 πρός
1741 3534 1783 3589 τόν

541 3629 746 3700 Σεύασμιώτατον
762 3625 891 3681 ἐπίσκοπον
904 3630 1030 3692 θονδίνου,
1047 3627 1072 3690 ὃς
1087 3626 1233 3700 ιύηρεστῆθη
1259 3629 1333 3684 εἰπεῖν
1348 3629 1397 3695 ὅτι,
1410 3633 1461 3704 ἅμα
1479 3630 1633 3697 πωληθέντος
1648 3634 1692 3681 τοῦ
1706 3628 1785 3697 ύπέρ·

543 3737 630 3790 χοντος
646 3723 714 3780 ναοῦ,
742 3715 861 3789 ἐπιτρέψει
876 3717 924 3784 τὴν
934 3716 1016 3770 ἄδειαν
1033 3720 1073 3771 καί
1093 3716 1121 3771 τό
1139 3721 1261 3791 δικαίωμα
1293 3727 1336 3773 τοῦ
1353 3720 1514 3789 οἰκοδομῆσαι
1537 3721 1627 3789 ἕτερον.
1646 3719 1718 3769 Ούτω
1733 3717 1784 3768 λοι-

543 3803 588 3855 πόν
603 3805 778 3875 προσπαθιξσας
792 3805 906 3872 πωλῆσαι
919 3802 992 3858 αύτόν
1008 3800 1076 3877 εύρον
1092 3808 1147 3869 τοῦς
1159 3808 1281 3871 θελοντας·
1297 3807 1358 3861 ἀλλ’
1372 3810 1386 3862 ό
1407 3808 1552 3870 Ἐπίσκοπος
1567 3807 1685 3860 Λονδίνον
1700 3804 1743 3856 ούκ
1757 3805 1783 3870 ῆ-

542 3894 619 3957 θελεν,
632 3893 671 3946 ἵνα
686 3893 718 3964 μὴ
732 3894 754 3946 οἱ
770 3890 932 3964 ἀγοράσαντες
958 3897 1143 3962 καταστῆσωσιν
1158 3897 1231 3950 αὐτόν
1245 3897 1287 3951 τόν
1304 3898 1361 3951 ναόν
1376 3900 1585 3967 συνεντευκττζριον
1603 3893 1783 3949 θύεσλεϊανῶν.

546 3983 687 4054 ’ίὶπομένως
701 3979 776 4049 ἦλθον
789 3984 855 4053 παρέ
867 3989 903 4055 τῷ
915 3982 1037 4057 ίρημερίῳ
1053 3992 1095 4054 τῆς
1112 3986 1205 4058 ἐνορίας
1220 3994 1263 4041 τοῦ
1279 3987 1361 4059 Ἀγίου
1375 3989 1510 4059 Μαρτίνου,
1529 3989 1594 4047 ὅστις
1610 3986 1736 4056 προτείνας
1752 3982 1783 4044 εἷς

541 4070 584 4136 τὴν
596 4069 726 4140 ἐρημερίαν
738 4074 905 4141 συνεφώνησαν
920 4067 1021 4124 ἐνώπιον
1037 4073 1233 4129 τούἘπισκόπου
1247 4078 1364 4130 ίλονδίνου
1380 4075 1419 4128 ἴνα
1435 4073 1550 4147 ἐκτιμηθῆ
1563 4075 1628 4146 παρέ
1647 4076 1691 4127 δύο
1708 4091 1785 4143 πραγ-

544 4156 743 4228 ματογνωμόνων
759 4156 878 4229 ἐργατῶν.
900 4156 928 4210 ‘0
940 4160 996 4221 ναός
1011 4158 1132 4232 έθεωρῆθη
1148 4161 1210 4233 παρ’
1224 4160 1305 4216 αύτῶν
1317 4168 1357 4217 καὶ
1370 4162 1495 4234 ἐξετιμῆθη
1509 4162 1580 4239 λίρας
1595 4165 1656 4214 θθό.
1685 4159 1715 4211 ἸΙ
1734 4158 1785 4211 ένο·

544 4247 584 4315 ρία
595 4247 728 4316 προσέφερε
741 4247 810 4317 λίρας
831 4251 888 4310 168,
905 4247 974 4322 λόγῳ
990 4248 1027 4304 ότι
1040 4248 1067 4303 τό
1082 4252 1186 4321 γῆπεδον
1201 4251 1285 4320 ἀνῆκεν
1300 4254 1361 4325 αύτῇ
1374 4256 1413 4306 καί
1427 4253 1485 4324 ούχί
1497 4258 1533 4322 τῷ
1551 4251 1699 4320 Ἐπισκόπῳ.

581 4359 593 4380 ι
602 4335 783 4406 ’Λποτνχυύσης
795 4338 882 4403 ταύτης
896 4343 939 4405 τῆς
955 4342 1105 4411 προσροράς,
1121 4335 1189 4411 εὗρον
1201 4341 1291 4405 ἄλλους
1306 4346 1431 4407 δώσοντας
1445 4345 1514 4415 λίρας
1527 4346 1559 4396 θί
1576 4342 1650 4396 πλέον
1667 4340 1719 4408 ἣοί
1735 4339 1787 4392 ἐνο-

546 4425 618 4490 ρῖται.
634 4423 711 4476 Τοῦτο
724 4423 839 4493 μαθόντες
855 4421 922 4478 οὗτοι
935 4427 1114 4497 προσετίμησαν
1130 4430 1204 4500 μέχρι
1220 4430 1297 4501 λιρῶν
1312 4434 1372 4483 200.
1392 4430 1553 4502 ’λρνουμένου
1581 4428 1609 4481 δ’
1623 4426 1683 4500 ἐμοῦ
1700 4427 1783 4479 λαῦιῖν

544 4510 587 4576 τῆν
598 4511 669 4582 τιμὴν
686 4513 782 4565 καὶτοῦ
802 4513 953 4576 Ἐπισκόποιι
967 4515 1080 4587 λέγοντος
1097 4521 1248 4588 παραδοῦναι
1272 4519 1352 4582 αύτοῖς
1367 4520 1409 4583 τὰς
1422 4521 1496 4582 κλεῖς,
1516 4519 1587 4574 τοῦθ’
1599 4519 1659 4591 ὅπερ
1673 4518 1701 4571 οὗ
1719 4519 1786 4570 κατί-

546 4616 613 4650 νευον
629 4596 687 4669 ἐγώ,
702 4595 768 4652 οὗτοι
783 4620 828 4671 μοι
841 4592 907 4655 εἷπον
921 4600 958 4655 ὅτι
971 4603 1089 4669 ἠδύναντο
1103 4611 1235 4680 κατασρεῖν
1262 4607 1304 4661 τόν
1318 4607 1376 4661 ναόν
1390 4607 1445 4662 ἄνευ
1466 4614 1516 4662 τῶν
1531 4609 1645 4672 κλειδῶν,
1664 4610 1731 4668 ὅπως
1747 4606 1787 4663 καὶ

546 4685 661 4755 ἔπραξαν,
677 4686 719 4748 ’.ἀς
732 4688 803 4758 θύρας
818 4687 961 4752 κατάξαντες
975 4693 1015 4744 καὶ
1029 4692 1138 4765 κατοχὴν
1151 4700 1194 4747 τοῦ
1208 4699 1266 4747 ναοῦ
1278 4696 1447 4767 ποιησάμενοι.

588 4773 669 4827 ιΜετά
682 4775 708 4827 δὲ
724 4781 799 4828 ταῦτα
813 4774 918 4845 ἐζήτησα
933 4775 975 4830 τόν
988 4778 1125 4843 κατάξαντα
1139 4779 1183 4848 τὴν
1195 4782 1268 4853 θύραν
1281 4783 1363 4835 καλῶν
1378 4780 1480 4837 ἐνώπιον
1501 4789 1544 4836 τοῦ
1556 4786 1685 4841 Δικαστοῦ,
1703 4780 1741 4832 ἵνα
1752 4782 1789 4832 δι·

546 4861 710 4933 καιολογηθιῖι.
729 4861 759 4916 'fl
772 4863 853 4935 ένορία
862 4864 930 4938 ὅμως
943 4864 987 4920 ούκ
1002 4864 1128 4941 ἐπέτρεψεν
1140 4868 1208 4942 αύτῷ
1224 4870 1406 4944 ἐμφανισθῆναι.
1424 4873 1518 4928 Ἐλθὼν
1546 4871 1588 4926 ούν
1602 4877 1675 4944 μόνος
1698 4870 1737 4921 καί
1753 4868 1786 4940 μὴ

548 4949 626 5020 ιύρὼν
642 4948 683 5003 τόν
698 4952 813 5019 δικαστὴν
825 4953 931 5022 ἀπέστην
946 4958 1081 5027 περαιτέρω
1096 4959 1255 5021 διαδικασίας,

584 5036 648 5104 ιΤὴν
662 5038 752 5092 ἔκθεσιν
766 5041 855 5110 ταύτην
883 5048 1008 5114 ποιοῦμαι,
1027 5044 1065 5096 ἴνα
1081 5045 1118 5097 δι’
1129 5042 1202 5118 αύτῆς
1229 5049 1424 5119 γνωοτοποιῆσω
1439 5051 1537 5112 ἀπασίν,
1554 5051 1590 5101 ὅτι
1606 5042 1663 5099 οὔτ’
1675 5044 1791 5113 έπιίιλησά

548 5143 607 5176 ποτε
620 5122 661 5177 τόν
680 5122 805 5197 εἰρημένον
820 5127 887 5182 Ναόν
912 5130 987 5184 οὔτ’
1001 5131 1197 5187 ἔλαθόντινα
1218 5136 1414 5202 οἱανδήποτε
1441 5137 1596 5204 ποσότητα
1612 5130 1689 5204 πρός
1710 5131 1790 5186 οἷκο-

548 5214 677 5283 δόμησιν
692 5214 744 5285 (γρ.
761 5215 892 5286 έκποίησιν)
907 5217 995 5271 αύτοῦ
1007 5219 1045 5287 (λέ
1063 5217 1301 5294 άραιογεγραμμέναι
1316 5224 1391 5288 λέξεις
1406 5224 1465 5280 ιίσίν
1477 5223 1645 5296 έξηλιιμμέναι
1661 5221 1701 5275 διά
1712 5242 1791 5294 γραμ,

550 5304 596 5370 μῆς
610 5299 737 5354 κονδυλίον
752 5301 789 5355 ἐπί
805 5309 847 5361 τοῦ
863 5302 1059 5377 ἐκτετυπωμέναι
1078 5312 1260 5379 πρωτοτύποο).

660 5385 719 5439 «Ἐν
731 5389 851 5462 ίλονδίνῳ,
866 5410 921 5445 τυπ.
941 5392 981 5445 διά
992 5397 1021 5448 Α.
1037 5395 1084 5459 Φ,
1100 5397 1129 5449 τδ
1149 5400 1211 5451 Ιῦθί
1223 5398 1315 5459 έτοςη.
