4644 6758
709 1032 754 1096 18
1129 1035 1309 1096 amomon
1330 1037 1527 1096 ΑΛΛᾸΤΙΟΥ

751 1230 791 1308 ‘fl
805 1241 988 1333 πολέτιμος,
1002 1240 1087 1307 ἀλλὰ
1102 1239 1221 1333 πλήρης
1237 1243 1411 1334 χασμάτων
1423 1244 1477 1308 καὶ
1492 1244 1698 1334 σφαλμάτων,
1711 1243 1851 1335 συλλογὴ
1868 1244 1953 1317 αὕτη

704 1360 842 1450 ἀρχαίων
857 1352 1018 1425 Ἰταλικῶν
1034 1357 1186 1430 ποιήσεων
1202 1348 1379 1424 άνεκδότων
1388 1356 1477 1451 μέχρι
1494 1369 1550 1435 τῆς
1567 1360 1684 1449 ἐποχῆς
1695 1360 1823 1442 ἐκείνης,
1836 1385 1951 1453 προσε-

604 1482 607 1488 ’
704 1474 840 1563 perdta,
859 1463 937 1560 Agl’
952 1465 1041 1536 lllmi
1060 1464 1197 1559 Signori
1224 1466 1443 1538 Accademici
1462 1466 1552 1537 della
1567 1466 1711 1554 Funina,
1729 1467 1818 1539 della
1834 1469 1952 1539 nobile

704 1582 744 1652 ed
771 1583 955 1677 essemplar
980 1582 1071 1654 Citt‘a
1089 1582 1124 1653 di
1142 1582 1305 1673 Messian,
1323 1593 1376 1658 καί
1396 1581 1592 1658 συνοδεάεπαι
1608 1590 1668 1659 ὑπὸ
1693 1602 1796 1685 σοφῶν
1817 1595 1870 1660 καὶ
1887 1619 1951 1685 μα·

704 1715 782 1796 κρῶν
797 1703 1044 1797 προλεγομένων,
1062 1706 1093 1770 ἐν
1103 1699 1147 1781 οἷς
1164 1695 1321 1781 ὁέκδότης
1338 1697 1496 1796 σαφηνίζει
1512 1705 1566 1772 καί
1579 1697 1741 1797 σχολιάζει
1755 1708 1813 1783 τάς
1825 1731 1862 1773 τε
1878 1730 1950 1773 ποι*

704 1820 784 1896 άσεις
809 1823 863 1886 καὶ
879 1820 951 1895 τοὺς
970 1819 1102 1895 ποιητὰς
1118 1817 1230 1885 αὐτῶν.
1249 1806 1286 1883 ‘0
1305 1810 1458 1881 Gustavo
1472 1811 1656 1883 Cammillo
1671 1811 1822 1903 Gallelli,
1839 1810 1952 1915 ἐδημο-

704 1935 821 2000 σίεοσεν
839 1937 870 2000 ἐν
888 1935 1065 2025 Φλωρεντὶᾳ
1081 1934 1119 1999 τὸ
1142 1933 1234 2000 tull
1256 1933 1338 2015 ἔτος,
1356 1926 1526 2027 βιάλιάριον
1543 1928 1622 2018 (σελ.
1646 1927 1718 2017 80),
1738 1935 1949 2027 ἐπιγραφόμεη

706 2073 768 2130 νον,
789 2043 835 2110 Le
850 2039 1076 2111 illustrazioni
1096 2039 1129 2110 di
1145 2040 1345 2134 Monsignor
1360 2043 1475 2112 Leone
1490 2041 1622 2114 Allacoi
1638 2040 1705 2114 alla
1725 2064 1786 2113 sua
1799 2040 1950 2115 raccolta

707 2156 761 2227 dei
797 2156 891 2250 poeti
909 2156 1039 2227 antichi
1059 2155 1150 2226 edita
1186 2157 1222 2226 in
1244 2156 1367 2250 Napoli
1390 2155 1578 2229 nell’anno
1607 2166 1711 2233 1661.
1745 2159 1952 2231 Premessivi

706 2271 821 2341 alcuni
841 2270 941 2342 cenni
962 2270 1088 2341 storieo
1102 2269 1214 2342 critici
1233 2269 1371 2342 intorno
1390 2271 1457 2342 alle
1477 2271 1573 2343 varie
1592 2271 1741 2343 raccolte
1759 2271 1795 2343 di
1813 2272 1953 2344 antiche

707 2392 860 2459 Toscane
880 2387 996 2481 poesie
1016 2387 1138 2457 aleune
1157 2386 1245 2457 delle
1259 2387 1355 2481 quali
1375 2384 1441 2480 gia’
1457 2386 1547 2458 edite
1582 2387 1611 2457 si
1626 2388 1739 2460 danno
1758 2388 1950 2478 emendate,

707 2515 759 2578 καὶ
778 2511 919 2603 περιέχον
948 2520 1010 2575 πᾶν
1041 2512 1090 2575 ὅτι
1118 2510 1137 2584 ἡ
1167 2509 1319 2601 ἐπιγραφὴ
1337 2510 1434 2576 αὐτοῦ
1453 2510 1636 2601 ὑπόσχεται.
1654 2499 1691 2576 ‘0
1719 2500 1755 2577 δὲ
1774 2502 1950 2574 Cnvnliere

708 2617 916 2689 Alcssandro
932 2616 966 2686 di
987 2617 1151 2703 Mortale,
1172 2613 1342 2714 φυλλάδιον
1359 2624 1417 2697 τήν
1435 2615 1471 2691 dc
1485 2625 1543 2697 τὴν
1559 2624 1730 2718 ἐπιγραφὴν
1746 2624 1846 2717 φέρον,
1869 2618 1951 2687 Let-

708 2745 781 2802 tera
799 2776 809 2797 ·
829 2776 838 2795 ·
855 2776 865 2795 .
885 2776 894 2796 .
911 2729 1049 2799 intorno
1068 2727 1183 2799 alcuni
1204 2730 1329 2800 sonetti
1348 2729 1438 2800 della
1457 2731 1623 2803 Raccolta
1639 2729 1690 2802 de'
1709 2730 1804 2826 poeti
1819 2731 1952 2803 antichi

708 2850 794 2923 latta
808 2847 851 2917 da
866 2848 979 2917 Leone
999 2845 1140 2920 allacci.
1160 2866 1303 2937 urente,
1325 2855 1432 2938 1820,
1448 2854 1491 2932 εἰς
1511 2858 1575 2924 8⁰2·

1286 3091 1363 3163 ut

755 3312 807 3380 De
824 3309 1090 3405 cryptograplria
1116 3308 1324 3380 Graecorum
1351 3308 1581 3378 recentiorum
1616 3306 1761 3402 epistola
1786 3307 1955 3397 secunda,

708 3424 750 3494 ad
770 3425 1046 3513 Nobilissimum,
1066 3421 1342 3494 ll-lustrissimum
1360 3432 1463 3516 atque
1483 3420 1780 3514 sapientissimum
1816 3420 1950 3491 Princi-

708 3562 784 3632 pem
806 3538 1018 3610 Demetrium
1051 3535 1226 3607 Franoisc·
1244 3533 1584 3627 Rhodocanalridem,
1607 3533 1799 3607 Chiensem.
1817 3554 1955 3620 nonan,

707 3625 912 3744 nncnxr.,'et;
930 3657 1248 3743 nov-,nocnxv1.‚2t;
1270 3658 1335 3723 1οη
1349 3660 1403 3727 καὶ
1418 3668 1788 3738 ranrssrs,rlncnxv11·,
1798 3654 1839 3733 εἰς
1860 3657 1923 3721 802·

757 3895 818 3966 Τὴν
848 3893 972 3986 πρώτην
1001 3882 1123 3962 ἔκδοσιν
1139 3885 1217 3974 (σελ
1232 3885 1316 3976 280)
1332 3902 1390 3956 τοῦ
1404 3889 1624 3956 σπανιωτάτου
1658 3888 1773 3955 τούτου
1805 3911 1951 3981 πονημα-

708 4015 777 4078 τίον
794 4013 971 4104 ἐκτησάμην
987 4010 1079 4103 εὑρὼν
1098 4011 1182 4101 παρά
1195 4034 1255 4075 τινι
1270 4019 1333 4075 τῶν
1355 4010 1386 4073 ἐν
1403 3997 1537 4090 Αονδίνῳ
1555 3998 1821 4091 βιέλιοκαπήλων,
1840 4007 1894 4071 καὶ
1909 4019 1952 4095 τῇ

708 4139 765 4194 τοῦ
798 4139 1005 4220 Βρεττανικοῡ
1030 4128 1181 4192 Μουσείου
1201 4119 1383 4211 βιάλιοθιίκη
1404 4116 1553 4216 ἐδώρησα.
1580 4125 1643 4190 Καὶ
1662 4122 1696 4191 αἱ
1715 4135 1794 4215 τρεῖς
1814 4113 1950 4200 ἐκδόσεις

709 4237 861 4321 σώζονται
877 4247 908 4311 ἐν
936 4256 979 4333 τῇ
996 4255 1053 4311 τοῦ
1072 4253 1247 4310 Βατικανοῦ
1263 4244 1316 4309 καὶ
1334 4244 1364 4308 ἐν
1385 4252 1429 4329 τῇ
1443 4239 1579 4333 ἡμετέρα
1600 4233 1792 4325 βιάλιοθίηιη.

1298 4482 1358 4553 LV

756 4702 810 4770 De
824 4711 944 4771 octava
960 4697 1097 4793 synodo
1112 4695 1304 4780 l'lrotiana3
1321 4718 1456 4767 annexa
1473 4704 1538 4779 est,
1551 4689 1688 4762 loannis
1704 4688 1845 4762 Henrici
1861 4690 1951 4762 Hot-

707 4814 833 4907 tingeri
855 4813 1104 4906 disputationes
1124 4809 1372 4904 apologeticae,
1392 4809 1434 4879 de
1453 4806 1619 4879 ecclesiae
1641 4805 1829 4879 Orientalis
1847 4814 1956 4896 atque

708 4929 939 5000 Occidentalis
959 4927 1079 5000 tamin
1100 4926 1273 5019 dogmate,
1293 4947 1398 5018 quam
1417 4922 1453 4993 in
1472 4921 1596 4993 ritihus
1610 4919 1779 5009 dissensu,
1798 4928 1832 4988 et
1849 4918 1951 4986 luve-

708 5041 761 5113 nis
775 5043 944 5113 Ulmensis
956 5039 1079 5134 (Ἧλίας
1095 5040 1248 5130 Βεζέλιος)
1265 5037 1529 5109 exercitationes
1548 5030 1957 5123 historico-theologicae

708 5158 911 5230 deecclesia
930 5159 1137 5230 Graecanica
1157 5154 1323 5228 hodierna
1342 5154 1519 5231 refutatio.
1540 5173 1665 5246 nortae,
1686 5155 1807 5239 1662,
1828 5154 1870 5231 εἰς
1886 5155 1958 5220 pon,

708 5284 761 5359 net
779 5294 1030 5365 rnnncorunrr,
1048 5295 1225 5365 ancnxvr,
1245 5277 1288 5359 εἰς
1304 5279 1367 5349 4⁰⁹·
