4644 6758
1047 1096 1281 1159 ειιιιοιοειιιε
1339 1150 1345 1161 ,
1544 1151 1547 1157 ,
1697 1042 1784 1161 ο133

530 1294 635 1395 Ῥώμῃ
655 1314 696 1389 τῇ
719 1302 763 1369 42
778 1293 904 1365 Ἰουνίου
926 1311 982 1364 τοῦ
1004 1299 1096 1367 1510
1116 1299 1217 1381 ἔτους,
1234 1291 1423 1367 ἐσπούδασεν
1440 1301 1472 1365 ἐν
1486 1309 1532 1380 τῷ
1545 1301 1709 1392 Κολλεγίῳ
1727 1312 1783 1366 τοῦ

534 1414 631 1511 Ᾰγίου
650 1412 837 1499 Ᾰθανασίου,
852 1419 907 1483 καλ
919 1409 1073 1484 ἀπεύίωσε
1088 1429 1129 1504 τῇ
1148 1418 1192 1485 13
1213 1409 1328 1482 1ουνίου
1348 1426 1404 1482 τοῦ
1423 1414 1529 1497 1631,
1545 1417 1576 1481 ἐν
1594 1404 1711 1507 Ῥύμῃ,
1727 1443 1784 1483 τα·

534 1537 636 1627 φεὶςέν
650 1544 695 1615 τῷ
707 1546 764 1600 τοῦ
778 1535 954 1624 Κολλεγίου
965 1533 1116 1625 ὁμωνύμῳ
1130 1545 1193 1615 ναῷ
1204 1545 1260 1598 τοῦ
1271 1533 1361 1624 ἀγίου
1371 1525 1604 1598 λθανασίου.Τδ
1622 1522 1784 1624 ίδιύχειρον

534 1652 738 1743 χειρόγραφον
753 1661 809 1725 τῆς
829 1651 1067 1739 ἐπιστολιμαὶας
1086 1651 1203 1725 ταύτης
1220 1640 1379 1740 διατριύῆς
1400 1649 1473 1739 πρὸς
1494 1648 1549 1714 τδν
1569 1649 1677 1714 πάπαν
1693 1660 1781 1714 Παῦ·

533 1769 588 1829 λον
608 1764 663 1830 τδν
686 1754 732 1843 E',
755 1774 811 1828 τοῦ
833 1763 998 1853 πρίγγιπος
1018 1757 1171 1844 Ἰωάννου,
1192 1760 1269 1828 εἶναι
1287 1764 1501 1854 γεγραμμένον
1516 1764 1565 1828 ἐπὶ
1584 1776 1782 1855 περγαμηνῆς

534 1883 587 1946 καὶ
605 1872 865 1969 περιύιάλημένον
892 1877 949 1944 ὑπὸ
970 1877 1152 1970 ὑφάσματος
1171 1891 1286 1946 κυανοῦ
1304 1879 1544 1970 πεποικιλμένον
1565 1878 1623 1945 ύπδ
1643 1881 1779 1970 ἀργυρῶν

533 1999 746 2088 κοσμημάτων
761 1995 842 2086 μετά
859 2006 921 2061 τῶν
940 1989 1117 2086 συμύύλων,
1135 2006 1197 2062 τῶν
1217 1996 1388 2087 φερομένων
1403 1997 1537 2073 συνήθως
1553 1995 1611 2063 ὑπὸ
1631 2007 1694 2062 τῶν
1714 1988 1782 2063 δευ-

535 2113 823 2207 τερογεννῶν’,υἱῶν
843 2126 900 2179 τοῦ
919 2113 1043 2206 πρώτου
1063 2105 1182 2179 κλάδον
1208 2126 1264 2180 τοῦ
1291 2103 1547 2181 Ῥοδοκανακείου
1568 2117 1661 2179 Οίκου
1683 2107 1728 2196 (ς)
1749 2116 1781 2180 ἐν

535 2242 581 2312 τῷ
596 2232 725 2323 κέντρῳ,
745 2223 878 2307 σώζεται
895 2221 977 2296 δὲέν
996 2242 1036 2317 τῇ
1057 2232 1248 2312 Βατικανείῳ
1271 2224 1464 2315 βιύλιοθήκη·
1485 2230 1522 2297 τδ
1540 2221 1576 2297 δὲ
1591 2231 1781 2322 ἀντίγραφον

536 2356 593 2411 τοῦ
614 2340 783 2412 Ἀλλατίου
809 2346 890 2436 μετὰ
909 2356 964 2421 τῆς
984 2350 1143 2420 λατινικῆς
1175 2345 1272 2411 αὐτοῦ
1291 2346 1552 2437 μεθερμηνεύσεως
1569 2348 1600 2412 ἐν
1620 2357 1661 2433 τῇ
1683 2352 1779 2413 Βαλι-

536 2465 694 2549 τσελιανῇ.
716 2461 757 2526 Τδ
775 2450 1029 2526 Ῥῦδοκανάκειον
1048 2462 1096 2526 ἐπὶ
1109 2453 1283 2551 μεμύράνης
1298 2463 1501 2553 χειρόγραφον
1520 2460 1597 2528 εἶναι
1616 2464 1779 2553 σχήματος
1890 2515 1896 2530 ,

535 2577 678 2666 μεγάλου
693 2576 859 2666 τετάρτου,
873 2573 1014 2665 σύγειται
1030 2576 1063 2639 ἐκ
1080 2575 1125 2639 15
1140 2565 1270 2640 σελίδων
1284 2574 1472 2666 ἑκατέρωθεν
1487 2576 1707 2669 γεγραμμένων
1727 2578 1780 2642 καὶ

536 2703 741 2782 περιεχουσῶν
761 2693 806 2758 20
824 2690 967 2784 γραμμάς
986 2690 1116 2771 ἑκάστη,
1129 2690 1171 2782 μὴ
1184 2685 1550 2784 συμπεριλαμύανομένης
1569 2704 1625 2768 τῆς
1644 2690 1780 2783 πρώτης,

536 2820 593 2885 τῆς
607 2810 806 2899 περιεχούσης
821 2821 944 2898 χρυσοῖς
955 2809 1115 2898 γράμμασι
1134 2807 1192 2879 τὴν
1210 2808 1382 2900 ἐπιγραφὴν
1397 2810 1506 2891 αὐτοῦ,
1523 2808 1603 2900 μετά
1622 2819 1686 2876 τῶν
1706 2836 1781 2900 συμ-

537 2914 640 2988 ύάλων
657 2934 713 2988 τοῦ
726 2914 890 3013 Βοργεζίου
909 2924 1015 3001 Οίκου,
1033 2921 1074 2997 είς
1093 2920 1126 2986 δν
1148 2923 1258 2994 ἀνῆκεν
1278 2923 1294 2988 δ
1316 2924 1423 2999 πάπας
1441 2928 1564 2999 Παῦλος
1584 2915 1632 3004 E',
1652 2926 1706 2990 καὶ
1726 2935 1789 2989 τῶν

537 3047 595 3101 τοῦ
615 3036 824 3127 συγγραφέως.
850 3036 892 3100 Τδ
911 3026 947 3101 δέ
975 3028 1150 3102 ἀλλάτειον
1166 3038 1215 3102 ἐπὶ
1236 3039 1355 3127 χάρτου
1377 3038 1581 3128 χειρόγραφον
1600 3035 1677 3104 εἶναι
1706 3040 1788 3128 σχη-

538 3176 638 3243 ματος
653 3162 761 3243 μικροῦ
780 3153 911 3242 φύλλου,
924 3153 1085 3243 σύγκειται
1097 3145 1128 3229 ἐξ
1146 3154 1191 3218 79
1208 3144 1352 3234 σελίδων,
1364 3154 1552 3244 ἑκατέρωθεν
1567 3155 1789 3249 γεγραμμένων

537 3268 591 3332 καὶ
611 3268 747 3357 ἐχουσῶν
760 3259 793 3343 ἐξ
812 3266 876 3342 ἓνθς
897 3266 1003 3356 μέρους
1018 3267 1055 3332 τδ
1076 3266 1238 3339 ἓλληνικδν
1257 3269 1408 3358 κείμενον,
1419 3270 1472 3332 καὶ
1485 3269 1519 3332 ἐκ
1536 3279 1593 3333 τοῦ
1610 3268 1714 3359 ἑτέρου
1730 3269 1788 3340 τὴν

538 3381 701 3454 λατινικὴν
721 3382 923 3473 μετάφρασιν,
944 3383 997 3446 καί
1018 3396 1245 3473 προσφωνεῖται
1264 3394 1310 3465 τῷ
1328 3395 1499 3473 συγγραφεῖ
1517 3375 1653 3465 Ἰωάννῃ.
1677 3392 1788 3473 Παρα-

539 3508 678 3584 τηρεϊται
697 3485 744 3576 δὲ,
761 3496 810 3560 ὅτι
831 3492 863 3560 αἱ
882 3505 939 3559 τοῦ
959 3495 1055 3560 αὐτοῦ
1076 3496 1240 3586 σχήματος
1260 3492 1354 3563 αύται
1383 3489 1502 3573 σελίδες
1521 3497 1695 3589 περιέχουσι
1714 3488 1805 3564 διά--

540 3634 632 3702 φορσν
660 3610 787 3702 ἀριθμδν
806 3621 969 3702 γραμμῶν,
995 3612 1109 3677 καίτοι
1130 3611 1325 3703 ὑπαρχούσης
1345 3626 1416 3704 μιᾶς
1437 3613 1530 3704 μόνον
1556 3615 1725 3704 ἐπιγραφῆς
1747 3614 1788 3689 τίς

540 3721 599 3794 τὴν
617 3723 740 3815 πρώτην
760 3714 869 3789 σελίδα
890 3724 947 3794 τὴν
968 3724 1048 3814 μετὰ
1068 3725 1105 3790 τδ
1126 3726 1351 3817 προμετῶπιον.
1385 3727 1427 3792 Τδ
1457 3718 1581 3816 δέσιμον
1607 3739 1664 3793 τοῦ
1683 3752 1788 3818 χειρο-

580 3939 626 4016 (ς)
649 3935 702 3997 Ὶδε
724 3938 898 4016 ζωγραφικόν
921 3939 1089 4015 ἀφομοίωμα
1117 3947 1172 3992 τῶν
1187 3932 1333 4010 συμῦὸλων
1348 3936 1462 4007 τούτων,
1473 3938 1501 3991 έν
1515 3945 1549 4010 τῇ
1565 3933 1648 3993 σελίδι
1667 3947 1716 3992 τοῦ
1736 3939 1787 3992 ἀνά

541 4039 634 4112 χείρας
649 4039 833 4110 πονηματίου,
852 4044 886 4110 τῇ
909 4036 1076 4113 περιεχούσῃ
1104 4037 1154 4100 τὴν
1179 4035 1303 4090 ἀναθεσιν
1332 4035 1416 4088 αὑτοῦ
1444 4044 1484 4106 τῷ
1507 4036 1585 4108 μύνιρ
1600 4055 1654 4110 μου
1679 4032 1787 4114 ἀδελφῷ

541 4137 667 4209 πρίγγιπι
688 4129 826 4207 Θεοδώρῳ
849 4130 921 4195 ὅστις
941 4137 976 4194 ῶς
995 4129 1187 4201 δευτεράτοκος
1210 4133 1281 4209 φέρει
1301 4132 1335 4186 τά
1353 4132 1423 4186 αῦτά
1437 4136 1485 4186 καί
1501 4132 1581 4193 αὐτὸς
1601 4135 1637 4194 ῶς
1651 4136 1699 4187 τάν
1713 4136 1786 4210 πρά-

539 4247 623 4302 γονον
637 4229 717 4300 ἡμῶν
731 4227 872 4293 Ἰωάννην.
892 4229 934 4284 Τά
954 4223 1080 4300 σύμύολα
1095 4224 1122 4282 δέ
1142 4238 1228 4282 ταῦτα
1247 4228 1315 4285 εἶναι
1343 4228 1377 4282 τά
1405 4228 1473 4292 ἑξῆς·
1494 4224 1639 4304 δικέφαλος
1663 4240 1784 4306 χρυσοῦς

542 4326 631 4394 ἀετός,
651 4326 888 4401 αὐτοκρατορικῶς
907 4326 1081 4399 ἐστεμμένος,
1096 4328 1168 4402 έχων
1191 4328 1239 4388 τάς
1254 4327 1389 4402 πτέρυγας
1404 4327 1663 4400 ἀναπεπταμμένας,
1678 4339 1787 4402 κρατῶν

541 4416 585 4474 διά
600 4430 655 4474 τῶν
670 4422 779 4496 ὀνύχων
798 4421 910 4496 ἐρυθράν
930 4423 1035 4475 ταινίαν
1050 4425 1184 4499 φέρουσαν
1203 4432 1315 4499 χρυσοῖς
1331 4417 1488 4500 κεφαλαίοις
1511 4423 1652 4496 γράμμασι
1676 4426 1724 4485 τάς
1737 4419 1787 4477 λέ-

542 4514 594 4578 ξεις
610 4515 658 4573 EN
679 4516 778 4572 ΡΟΔΩ
797 4517 914 4585 ΑΝΘΩ,
929 4521 975 4570 καί
994 4517 1082 4594 φέρων
1102 4519 1145 4572 έπὶ
1163 4528 1212 4572 τοῦ
1232 4518 1348 4584 στήθους
1366 4519 1410 4572 έπί
1425 4527 1527 4572 κυανοῦ
1543 4517 1650 4589 θυρεοῦ,
1664 4515 1788 4572 κυκλου-

543 4612 628 4685 μένου
655 4609 699 4666 διά
731 4623 780 4667 τοῦ
800 4609 969 4690 περιδεραίου
989 4624 1043 4668 τῶν
1062 4611 1304 4692 Μεγαλοσταύρων
1323 4617 1459 4670 Ἱπποτῶν
1478 4624 1526 4668 τοῦ
1547 4616 1787 4691 Αύτοκρατορικοῦ

543 4712 780 4767 Κωνσταντινείου
807 4714 955 4787 Τάγματος
974 4721 1022 4767 τοῦ
1041 4715 1141 4790 Ἀγίου
1161 4715 1312 4789 Γεωργίου,
1331 4715 1467 4790 ἀργυροῦν
1495 4716 1622 4789 σταυρόν,
1640 4710 1712 4773 ὅστις
1744 4713 1787 4767 τέ-

544 4826 605 4880 μνει
623 4807 706 4861 αύτδν
726 4809 762 4868 είς
781 4807 898 4884 τέσσαρα
917 4809 1059 4881 τμήματα,
1075 4811 1118 4863 έπί
1132 4812 1190 4871 ὲνάς
1209 4813 1327 4864 ἑκάστου
1355 4820 1410 4864 τῶν
1429 4812 1534 4865 ὁποίων
1552 4809 1674 4864 κάτωθεν
1688 4803 1787 4878 έλιψο-

542 4896 629 4961 ιιδοῦς
648 4895 752 4954 κύκλου
772 4901 797 4962 t}
814 4901 842 4962 ἓξ
863 4904 989 4977 ἀργυρῶν
1022 4904 1142 4978 ἀστέρων
1174 4906 1333 4969 είκονίζεται
1369 4906 1592 4980 ἀνεστραμμένον
1623 4904 1787 4958 Ἰοῦστινιάψ

546 5018 616 5054 νιιον
635 4995 753 5071 διάδημα
785 5000 816 5053 ἐκ
839 5009 954 5075 χρυσοῦ,
973 5001 1113 5077 πορφύρας
1132 5005 1178 5055 καί
1197 5012 1384 5077 μαργαριτῶν,
1412 5000 1512 5078 πλῆρες
1532 5004 1656 5077 ἀργυρῶν
1689 4997 1786 5077 ῥόδων,

545 5094 611 5169 ἕχον
634 5094 678 5147 ὶπλ
696 5102 745 5146 τοῦ
764 5094 878 5170 κέντρου
898 5105 947 5148 τοῦ
967 5105 1084 5170 σταυροῦ
1107 5092 1206 5160 ὼοειδῆ
1225 5097 1366 5172 θυρείσκον
1394 5099 1631 5173 αὐτοκρατορικῶς
1649 5099 1786 5171 ἐστεμμέ-

545 5209 592 5243 νον
607 5194 654 5244 καί
673 5191 841 5256 είκονίζοντα
860 5193 893 5245 τά
908 5192 1060 5257 Βυζαντινά
1076 5191 1244 5266 Ἐθνόσημα,
1254 5190 1383 5259 δηλονότι
1397 5204 1517 5271 χρυσοῦν
1540 5196 1620 5250 ἀετὸν
1639 5191 1786 5273 δικέφαλον

543 5289 590 5341 έπί
610 5287 721 5361 θρυθροῦ
741 5284 866 5367 ἐδάφους,
877 5288 980 5366 έχοντα
1000 5291 1068 5364 ῦπέρ
1090 5292 1137 5351 τὰς
1156 5288 1276 5370 κεφαλάς
1294 5294 1460 5368 ἡγεμονικὸν
1476 5294 1584 5370 στέμμα
1611 5296 1643 5348 ἐκ
1670 5301 1786 5371 χρυσοῦ,

543 5392 648 5437 κυανοῦ
667 5380 800 5457 βελυύδον
820 5389 867 5441 καί
885 5382 1027 5464 τιμαλφῶν
1046 5382 1136 5445 λίθων,
