4626 6728
747 1073 877 1137 tuortts
900 1071 1047 1136 bbblel
1071 1073 1223 1136 BELLAS.

636 1273 803 1368 Hesperia
823 1296 924 1367 quem
944 1295 1013 1342 uon
1031 1270 1146 1359 satiet,
1168 1271 1305 1343 Arctois
1323 1274 1449 1369 plagis,

637 1392 680 1460 Et
701 1387 984 1474 GutttcuutS,
1005 1384 1186 1482 impudens
1205 1387 1332 1459 eaedem
1354 1390 1456 1482 parit.

637 1507 682 1578 Ut
702 1505 809 1576 multa
829 1503 947 1599 paucis
963 1526 973 1571 .·
992 1502 1052 1597 qui
1073 1516 1106 1573 te
1131 1503 1338 1597 abantiquo
1359 1509 1475 1576 Patres

638 1625 809 1710 timuere,
830 1634 965 1714 gentem
985 1619 1258 1713 subjugaverunt
1280 1622 1391 1698 feram

640 1735 754 1807 trinus
775 1746 943 1830 potentes,
969 1734 1058 1805 flore
1074 1735 1222 1828 juvenili
1242 1750 1362 1829 potens

640 1851 684 1923 Ut
700 1874 776 1945 quae
799 1851 949 1944 rigeret3
968 1850 988 1921 b
1009 1873 1086 1921 meo
1105 1850 1182 1921 sinu
1203 1853 1323 1945 procul

641 1969 795 2062 Expuisu
814 1968 928 2039 subitb
947 1981 1023 2043 est:
1042 1991 1125 2038 arva
1145 1970 1359 2065 requierunt,
1380 1971 1505 2065 quibus

642 2087 804 2156 Servatur
824 2085 1003 2156 bominum
1023 2099 1136 2177 nutus,
1155 2098 1258 2181 atque
1279 2087 1369 2158 altus
1389 2113 1522 2180 necem,

642 2205 755 2287 Quum
776 2202 887 2272 voluit
906 2202 993 2295 ipse,
1013 2201 1131 2272 retuiit
1149 2201 1193 2271 ab
1214 2202 1335 2273 amicis
1355 2204 1452 2289 ieris,

642 2318 898 2410 Tumulumque
917 2316 1024 2387 subiit
1041 2330 1211 2406 mortuus,
1232 2331 1269 2389 nt
1289 2318 1445 2392 homiues
1464 2321 1583 2392 solent.

644 2441 719 2528 Age
737 2459 833 2528 ergo,
854 2436 956 2506 facile
975 2434 1035 2529 qui
1056 2435 1115 2505 diu
1135 2435 1250 2507 differt
1270 2459 1371 2530 opus,

643 2555 915 2625 Prudentiorum
934 2552 1190 2640 culou10,buud
1213 2553 1304 2625 rectb
1320 2555 1420 2648 sapit.

645 2678 698 2743 bn
725 2670 969 2766 obstupescis?
995 2674 1048 2742 An
1070 2688 1176 2765 pavor
1196 2683 1345 2744 mentem
1368 2674 1547 2769 occupat?

645 2791 689 2860 Et
710 2788 883 2860 terresecit
903 2786 1039 2858 cordo?
1059 2811 1161 2880 quem
1183 2788 1308 2873 cernis,
1330 2799 1442 2858 metus

645 2907 770 2998 iugens
790 2913 918 2992 movet,
939 2902 1132 2996 premitque
1153 2915 1341 2995 pectusque
1366 2916 1496 2973 enecat.

645 3021 803 3114 Namque
822 3017 881 3088 ubi
901 3017 1047 3110 superbo
1067 3004 1181 3086 fronte
1203 3015 1345 3087 tollebat
1363 3027 1480 3109 caput,

644 3135 810 3225 Tempus,
833 3130 1017 3223 iocumque
1037 3143 1171 3224 praeter,
1194 3129 1313 3201 insane
1333 3131 1450 3202 furens

647 3252 692 3321 Et
711 3250 835 3321 cecidit
856 3263 890 3321 et
908 3249 1067 3344 probavit
1085 3272 1256 3319 annorum
1276 3248 1380 3324 vices.

649 3365 800 3435 Voruute
821 3364 948 3458 quippe
970 3363 1131 3434 ssuooidus
1152 3363 1273 3433 morbo
1291 3363 1385 3456 jacet

649 3481 770 3572 Humi,
789 3480 949 3573 doletque
970 3479 1090 3568 tristis,
1113 3479 1274 3572 expirans
1296 3479 1384 3565 iere,

647 3601 719 3670 Ceu
740 3596 958 3685 somniando,
979 3596 1099 3686 robur,
1119 3609 1153 3668 et
1168 3596 1291 3689 opibus
1310 3595 1398 3666 meis

650 3719 822 3808 Luxuque
842 3716 975 3806 plenus,
995 3714 1059 3784 sub
1079 3712 1264 3805 voluptatis
1281 3713 1379 3806 jugo,

649 3833 788 3904 Ventris
809 3831 967 3925 guiaeque
985 3853 1118 3919 servus,
1138 3829 1219 3918 beu,
1244 3829 1344 3900 deflet
1364 3828 1468 3899 miser

651 3948 802 4020 iucunda
825 3946 897 4016 visu
916 3968 992 4039 quae
1010 3944 1076 4015 sibi
1098 3968 1233 4036 cunque
1247 3954 1373 4016 antea:

650 4068 814 4156 Quosque
834 4061 990 4132 ebioures
1005 4075 1085 4132 unte
1104 4061 1244 4132 molitus
1265 4059 1333 4131 tuit

651 4189 766 4268 mres,
787 4179 963 4272 ebenoque
979 4201 1087 4267 orma,
1103 4178 1304 4269 ferrumque
1323 4174 1508 4269 impotens,

651 4294 785 4381 Quibus
807 4293 898 4361 viros
918 4291 1054 4381 cecidit,
1074 4290 1210 4383 objecto
1227 4301 1335 4379 metu,

650 4409 894 4499 Renuntiavit,
914 4409 1001 4499 odit,
1021 4421 1054 4481 et
1071 4430 1210 4501 segnem
1230 4407 1303 4477 otio

652 4533 689 4600 ln
712 4528 853 4621 copioso
872 4527 1048 4598 dexterum
1074 4525 1176 4620 plane
1197 4536 1300 4595 tenet.
1357 4534 1360 4539 “

653 4647 709 4716 Sic
730 4659 781 4716 eet
801 4644 927 4739 prioris
946 4644 1038 4714 retro
1057 4645 1204 4714 sortunae
1222 4653 1331 4711 status

653 4763 836 4834 inversus:
859 4760 930 4852 ipsu
952 4760 1042 4829 vieta
1063 4757 1213 4828 Victoris
1232 4777 1378 4828 manus:

653 4878 786 4948 Dedere
805 4889 915 4968 tergo,
931 4875 990 4968 qui
1008 4874 1213 4966 fugaverunt
1229 4869 1323 4963 prius
1340 4894 1349 4951 ;

652 4996 696 5066 Et
715 5016 802 5087 quos
825 4994 940 5063 beatos
963 4991 1109 5076 videres,
1125 4989 1269 5059 miseros
1291 4984 1412 5066 vides;

652 5115 781 5182 Parere
800 5109 907 5194 soliti,
925 5108 1018 5202 justa
1039 5106 1227 5176 detrectant
1247 5102 1300 5172 sui

654 5231 798 5299 Decreta
814 5225 966 5309 Domini,
987 5233 1255 5313 corruentesque
1276 5217 1424 5288 invicem

654 5346 900 5418 Promisouuse
916 5356 1050 5436 strage,
1067 5337 1213 5428 erudeli,
1235 5337 1323 5424 tera,
