4644 6758
540 1158 609 1229 ίῦέ
716 1164 778 1224 m
802 1167 854 1225 τιι
878 1164 1169 1225 κινννκιίιίιιτκ
1193 1156 1374 1226 aomos
1398 1166 1607 1225 Αιικτιοτ.

537 1357 713 1449 χωρίσαμεν
748 1353 806 1428 τὴν
823 1353 928 1423 εἰκόνα
946 1355 1056 1440 αὐτοῦ,
1084 1355 1142 1430 τὴν
1168 1355 1280 1424 ὁποίαν
1305 1349 1421 1448 ἔγραψε
1452 1334 1509 1450 μίν
1537 1324 1588 1423 ἐπὶ
1607 1353 1712 1432 ὀθόνης
1731 1362 1777 1440 τῷ

537 1562 573 1626 τὴ
587 1551 789 1629 προμνὴσύιίση
808 1549 933 1628 ἀγγλιστί
948 1550 1123 1629 γεγραμμένῃ
1141 1546 1353 1627 όιαμαρτορὴσει
1381 1546 1478 1624 αὐτοῦ)
1507 1547 1677 1627 ίπισκίρύην
1711 1549 1774 1604 ἀναν

539 1644 677 1714 ἀναύολὴς
695 1652 742 1703 τόν
751 1658 800 1704 τοῦ
816 1644 946 1705 Λονδίνοο
964 1645 1064 1725 λόρδον
1078 1649 1239 1717 ἐπίσκοπον,
1251 1643 1297 1700 ίνα
1310 1639 1388 1700 λάόω
1406 1648 1456 1712 τὴν
1466 1645 1670 1719 ἀπαιτονμίνην
1685 1641 1776 1700 ἀόειαν

539 1748 605 1819 πρός
620 1744 759 1820 ἀνέγερσιν
768 1744 861 1818 ἑτέρας
878 1738 1036 1814 ἐκκλησίας,
1054 1744 1088 1809 ὴν
1102 1741 1242 1820 ύπεσχέίίη
1256 1742 1289 1795 νά
1304 1743 1352 1816 μοί
1370 1737 1456 1816 όιύσῃ,
1484 1741 1542 1816 ἀμα
1561 1750 1601 1813 τῷ
1619 1738 1775 1816 ἀναγγείλω

537 1843 587 1905 τὴν
605 1836 730 1905 πώλησιν
743 1847 791 1904 τὴς
809 1839 837 1893 έν
856 1841 979 1916 Σοχείσις
998 1840 1093 1917 ἀγροῖς
1111 1849 1157 1893 νῦν
1180 1841 1234 1894 ύπό
1253 1841 1302 1904 τὴν
1319 1841 1446 1915 κατοχὴν
1472 1839 1553 1912 ὴμῶν
1585 1840 1775 1916 ὑπαρχούσης.

539 1935 742 2012 ίίροσπαύὴσας
760 1930 857 1990 λοιπόν
871 1936 951 2013 εύρον
969 1932 1147 2001 κατάλληλον
1166 1935 1334 2011 ἀγοραστὴν,
1349 1937 1386 1997 τίς
1404 1937 1452 1990 τόν
1471 1936 1569 1990 όποτον
1587 1932 1661 2008 ὅμως
1679 1937 1695 1989 ὁ
1726 1944 1776 1989 τοῦ

538 2025 671 2087 Λονόίνοο
685 2029 834 2091 ἐπίσκοπος
848 2024 893 2085 όὲν
911 2032 959 2103 μοί
972 2029 1103 2104 ἐπέτρεψε
1123 2030 1155 2083 νά
1170 2026 1303 2100 πωλὴσω,
1313 2029 1358 2083 ἐπὶ
1373 2024 1449 2102 λόγῳ
1465 2023 1506 2084 ότι
1524 2028 1657 2083 έσκόπιοε
1677 2028 1710 2081 νά
1728 2046 1777 2101 με·

537 2121 646 2200 ταύάλη
664 2126 749 2192 αύτὴν
764 2129 801 2188 είς
819 2126 1061 2201 Συνεντιοκτὴριον
1076 2121 1276 2185 Ούεσλεϊανῶν.
1289 2124 1489 2191 Κατηοθύνθην
1502 2125 1566 2180 τότε
1589 2126 1626 2186 είς
1640 2126 1688 2179 τόν
1702 2127 1776 2200 ίερία

536 2227 584 2283 τῆς
603 2220 707 2295 ἐνσρίας
724 2227 772 2274 τοῦ
791 2219 871 2295 ἁγίου
886 2219 1037 2294 Μαρτίνου,
1048 2215 1129 2289 ὅστις,
1143 2221 1286 2297 προτείνας
1299 2222 1349 2285 τὴν
1368 2218 1472 2295 ἀγοράν
1491 2228 1539 2273 τοῦ
1550 2227 1616 2274 ναοῦ
1632 2221 1669 2282 τίς
1683 2220 1733 2284 τὴν
1747 2221 1779 2273 έ-

539 2316 631 2389 νορίαν
645 2318 693 2371 καί
711 2314 821 2389 πέμψας
834 2309 883 2369 δύο
896 2309 1044 2388 είόὴμονας
1065 2315 1196 2377 τίκτονας
1207 2311 1253 2368 ίνα
1271 2314 1439 2388 έκτιμὴσωσι
1456 2314 1505 2380 τὴν
1520 2313 1596 2376 ἀξίαν
1615 2315 1708 2382 αύτὴς,
1728 2317 1776 2387 μοὶ

538 2412 812 2489 προσίρερενέκατόν
822 2412 954 2477 έξὴκοντα
968 2409 1055 2488 λίρας,
1074 2414 1164 2467 καίτοι
1179 2412 1323 2487 ίξετιμὴθη
1338 2414 1392 2468 ύπό
1411 2420 1465 2467 τῶν
1484 2413 1621 2467 τεκτόνων
1635 2412 1780 2475 ἑξακοσίας

538 2512 642 2564 εἴκοσιν
653 2510 681 2572 ἓξ
696 2510 741 2564 ἐπί
759 2505 836 2585 λόγῳ
847 2506 887 2565 ὅτι
903 2510 934 2564 τό
949 2505 1057 2587 ἕόαρος,
1076 2509 1119 2587 ἐρ’
1133 2510 1166 2563 οὔ
1181 2509 1232 2576 ἧτο
1250 2505 1464 2584 ᾠκοδομημένη,
1490 2509 1590 2575 ἀνὴκτν
1622 2511 1659 2571 τίς
1679 2509 1779 2570 αύτούς

540 2611 587 2661 καί
601 2603 649 2683 όχι
667 2609 705 2669 είς
723 2610 770 2661 τόν
784 2603 946 2683 δωρὴσαντά
960 2627 1007 2681 μοι
1022 2608 1089 2662 αύτό
1104 2607 1266 2680 ἐπίσκοπον,
1276 2611 1323 2663 καί
1337 2609 1406 2683 μιτά
1422 2617 1508 2662 ταῦτα
1522 2608 1614 2682 ἑτέρας
1629 2604 1705 2684 λίρας
1715 2625 1775 2682 τρι-

539 2700 642 2754 ἀκοντα
656 2694 812 2773 δύο,μαῦὼν
824 2697 865 2757 ότι
883 2701 963 2777 εύρον
982 2697 1073 2777 ἕτερον
1089 2702 1245 2777 ἀγοραστὴν
1260 2706 1448 2781 προσφέροντα
1467 2696 1607 2765 διακοσίας
1620 2704 1777 2778 τριάκοντα.

538 2797 588 2862 Μὴ
602 2795 759 2873 στέρξαντος
772 2792 797 2851 δ’
815 2798 882 2872 ἐμοῦ
898 2799 935 2860 είς
952 2794 1078 2863 πώλησιν
1092 2808 1140 2854 τοῦ
1155 2808 1221 2853 ναοῦ
1241 2801 1300 2855 ἀντὶ
1313 2808 1361 2865 τὴς
1378 2798 1668 2875 προμνημονιοόιίσης
1699 2799 1782 2853 εύτιέ

538 2890 604 2956 λοῦς
622 2902 712 2969 τιμὴς,
726 2895 789 2951 ούτε
804 2898 840 2958 εἰς
856 2891 1007 2972 παράδοσιν
1020 2905 1075 2951 τῶν
1090 2892 1206 2953 κλειδῶν
1230 2897 1314 2952 αύτοῦ
1330 2899 1367 2958 είς
1381 2898 1431 2963 τὴν
1445 2898 1563 2972 ἐνορίαν,
1578 2899 1668 2953 καίτοι
1682 2898 1716 2970 μί
1735 2892 1779 2951 δι-

538 2989 630 3051 έταξεν
649 2990 664 3044 ό
679 2997 728 3047 τοῦ
743 2987 875 3047 Λονόίνοο
886 2992 1045 3064 ἐπίσκοπος,
1063 2994 1201 3070 κατέσχον
1216 2994 1299 3049 αὐτόν
1317 2993 1479 3066 θραύσαντες
1494 2996 1543 3061 τὴν
1562 2994 1654 3072 θύραν.
1671 2995 1718 3059 Μὴ
1733 2988 1777 3047 δο-

539 3084 627 3149 νηίίεὶς
641 3080 669 3140 δὲ
684 3086 717 3140 νά
731 3081 868 3142 δικαιωύῶ
882 3089 919 3149 είς
936 3090 968 3142 τό
986 3083 1171 3164 δικαστὴριον,
1186 3088 1319 3168 ρρόνιμον
1333 3089 1428 3164 ἔκρινα
1443 3089 1475 3144 νά
1485 3085 1658 3164 δημοσιεύσω
1671 3085 1715 3145 όιά
1729 3098 1779 3144 τοῦ

538 3181 626 3235 τύποο
649 3182 699 3247 τὴν
716 3191 859 3258 παροῦσαν
877 3178 1043 3260 διακὴροξιν,
1064 3181 1111 3238 ίνα
1129 3187 1207 3261 γείνὴ
1234 3193 1292 3246 τοῦς
1311 3192 1377 3239 πᾶσι
1396 3180 1480 3249 δῆλον
1499 3183 1539 3241 ὅτι
1558 3187 1608 3252 τὴν
1627 3181 1777 3250 ἐκκλησίαν

536 3276 640 3343 ταύτην
663 3277 727 3332 ούτε
742 3274 875 3344 ίπιίιλησα
902 3279 965 3334 ούτε
983 3274 1113 3359 όηνάριον
1131 3275 1232 3337 ἐλαόσν
1251 3281 1326 3359 παρὰ
1353 3277 1466 3337 τῶνόιά
1481 3290 1529 3347 τὴς
1548 3279 1607 3357 βίας
1634 3285 1682 3336 καί
1701 3281 1776 3359 παρὰ

536 3373 584 3428 τόν
603 3372 689 3447 νόμον
705 3374 907 3450 κατασχόντων
926 3374 1039 3441 αύτὴν,ε

575 3466 659 3521 Κατὰ
678 3466 711 3519 τί
722 3469 884 3542 φαινόμενα,
894 3478 1076 3549 κατασχοῦσα
1094 3469 1112 3535 ὴ
1131 3468 1224 3545 ἐνορία
1237 3477 1286 3524 τοῦ
1305 3469 1405 3545 Ἀγίου
1419 3471 1561 3547 Μαρτίνοο
1572 3472 1620 3525 τόν
1634 3474 1695 3546 περί
1709 3472 1742 3525 ού
1761 3472 1777 3526 ό

537 3553 621 3634 λόγος
636 3559 714 3630 ναόν,
731 3560 933 3637 παρεχώρησεν
947 3562 1030 3617 αύτόν
1043 3564 1115 3617 κατὰ
1133 3566 1165 3618 τό
1179 3564 1247 3619 αύτό
1266 3564 1326 3626 ίτος
1341 3562 1444 3643 (ίόὸὶ)
1473 3568 1510 3628 τίς
1527 3566 1590 3627 τούς
1604 3567 1632 3621 ίν
1652 3562 1776 3638 Λονόίνῳ

536 3657 599 3712 τότε
617 3657 777 3736 πρόσρογας
796 3653 1083 3737 όιαμαρτορσνμένους
1098 3657 1234 3733 Γάλλσος,
1262 3658 1359 3727 οίτινις
1378 3663 1447 3737 μετὰ
1466 3665 1583 3740 τριετίαν
1610 3664 1779 3740 ίπίστρεψαν

537 3755 621 3810 αύτόν
634 3751 718 3815 πάλιν
736 3758 773 3819 είς
787 3758 837 3822 τὴν
851 3757 969 3835 ίνορίαν,
988 3757 1044 3814 ἀπό
1063 3765 1111 3823 τὴς
1124 3760 1222 3822 ὁποίας
1241 3759 1384 3837 ὴγοράσύη
1402 3758 1497 3837 ὀλίγον
1511 3757 1624 3837 ὕστερον
1647 3763 1701 3817 ύπό
1727 3771 1777 3818 τοῦ

536 3854 628 3932 ίερέως
642 3862 690 3909 τοῦ
706 3849 892 3911 Ούεσλεϊανοῦ
907 3851 1045 3932 δόγματος
1060 3854 1192 3913 ’ίωάννου
1211 3856 1278 3923 Ῥίιζ
1292 3854 1395 3936 (Rees)
1419 3859 1713 3935 μετασχηματίσαντος
1728 3862 1778 3929 τὴν

537 3950 701 4026 ἐσωτερικὴν
719 3946 902 4026 διακόσμησιν
921 3952 993 4008 κατά
1008 3952 1071 4014 τούς
1085 3954 1204 4016 κανόνας
1219 3962 1269 4008 τοῦ
1286 3949 1424 4031 δόγματος
1444 3955 1539 4010 αύτοῦ.

541 4067 543 4071 ·
575 4049 611 4105 ‘0
631 4043 774 4113 έλληνικός
789 4049 854 4110 ναός
867 4048 960 4122 οὗτος,
978 4048 1112 4124 όπρῶτος
1128 4049 1158 4103 έν
1172 4045 1293 4126 Ἀγγλία
1307 4050 1362 4104 ύπό
1377 4060 1431 4105 τῶν
1445 4049 1629 4126 προπατόρων
1652 4051 1733 4125 ὴμῶν
1751 4052 1779 4108 ί-

536 4144 650 4220 γερθείς,
668 4140 774 4206 πολλὰς
793 4144 876 4222 μέχρι
890 4153 939 4202 τοῦ
960 4141 1036 4203 48ίο
1051 4145 1128 4207 ίτοος
1144 4145 1239 4200 παθὼν
1258 4146 1421 4222 ἐσωτερικάς
1439 4140 1595 4221 μεταύολάς
1614 4148 1711 4201 έκτῦνν
1724 4135 1779 4200 καζ

535 4243 569 4305 τά
587 4241 699 4319 καιρούς
726 4241 981 4318 ίγκατασταύεισῦνν
1000 4242 1205 4318 θρησκεοτικῦιν
1223 4243 1365 4320 αἱρέσεων,
1396 4243 1540 4320 ὴγοράσῦη
1570 4245 1644 4313 τότε,
1662 4243 1726 4299 καθ’
1743 4246 1778 4309 ὴν

536 4340 652 4414 στιγμὴν
667 4339 812 4415 ίπρόκειτο
823 4339 857 4393 νά
871 4335 1032 4416 μεταόληθὴ
1051 4341 1105 4396 ύπό
1123 4350 1179 4397 τῶν
1194 4343 1326 4419 κατόχων
1350 4343 1434 4397 αύτοῦ
1452 4345 1490 4404 ιῑς
1509 4344 1625 4418 αἰσχρόν
1638 4344 1780 4419 χοριοτὴ·

537 4434 606 4507 ρἰον,
620 4435 674 4489 ύπό
692 4443 740 4489 τοῦ
759 4431 900 4508 αίόεσίμου
915 4435 1041 4512 Νούγεντ
1056 4433 1163 4504 Γοοέηδ
1181 4437 1314 4516 (Nugent
1329 4438 1428 4513 Waid)
1448 4439 1541 4517 ἱερέως
1555 4447 1604 4505 τὴς
1622 4441 1650 4494 ἐν
1664 4448 1698 4514 τὴ
1716 4461 1778 4517 γει,

535 4527 613 4598 τονίᾳ
632 4528 724 4605 Σόχοο
742 4524 873 4592 πλατείας
891 4527 982 4609 (tho
996 4531 1115 4611 square)
1135 4529 1284 4599 ἐκκλησίας
1301 4540 1350 4598 τὴς
1359 4533 1458 4609 Ἀγίας
1476 4534 1587 4603 Ἀννης,
1607 4520 1780 4609 συνδραμόν-

535 4644 591 4679 των
608 4635 664 4681 των
682 4622 768 4705 ρίλων
787 4628 872 4682 αύτοῦ
900 4634 948 4686 καί
974 4638 1023 4684 τοῦ
1037 4631 1153 4704 ταμείου
1175 4639 1231 4684 τῶν
1245 4638 1293 4697 τὴς
1312 4626 1519 4706 Μητροπόλεως
1534 4639 1608 4685 ναῶν
1633 4635 1680 4688 καί
1698 4631 1778 4710 &qne-⁴

536 4723 612 4800 Ρώθῦ
630 4725 678 4779 τόν
695 4723 799 4780 ίούνιον
817 4733 866 4780 τοῦ
887 4723 964 4786 ⁴850
987 4725 1065 4791 Ιτονς
1083 4733 1119 4802 τὴ
1140 4725 1345 4806 ιἈειπαρθένιρ
1359 4729 1484 4805 Μαρίαν,
1502 4727 1640 4801 ὀνομασία
1653 4728 1688 4792 ὴν
1706 4729 1779 4807 ρίριι

536 4824 619 4900 μέγρι
633 4821 767 4899 σὴμτρον.

575 4913 718 4982 Καίαύτη
732 4916 782 4990 μίν
800 4916 818 4982 ὴ
836 4916 994 4995 ίξιστόρισις
1021 4925 1068 4983 τὴς
1088 4916 1321 4995 ἀντγίρσσωςκαί
1353 4916 1495 4992 παρούσης
1514 4916 1708 4979 καταστάσεως
1729 4924 1777 4971 τοῦ

536 5021 604 5068 ναοῦ
631 5013 809 5079 ούτινσς·τὴν
823 5014 961 5089 πρόσοψιν
990 5010 1118 5088 ἐξίδομεν
1137 5013 1207 5088 μιτά
1225 5020 1273 5079 τὴς
1296 5008 1434 5090 διατριόὴς
1452 5012 1553 5079 ταύτης
1572 5008 1730 5076 Ἑλληνιστί
1748 5013 1780 5064 τό

536 5119 646 5191 πρῶτον
660 5110 690 5165 ἐν
701 5117 742 5183 τῷ
760 5109 790 5165 ἐν
805 5110 947 5187 Παρισίοις
974 5107 1280 5186 δημοσιεοομίνῳλποτέ
1299 5112 1420 5185 μηνιαίιμ
1447 5106 1595 5186 περιοδικφ
1609 5092 1780 5186 ριλσλογικῷ

536 5204 730 5281 Ιιιογγράμματι
743 5204 862 5263 mm
881 5208 952 5265 ΟΣΑ
974 5203 1128 5286 (Βλ.’1’όμ.
1144 5210 1182 5282 Α,
1200 5202 1264 5262 Σελ.
1279 5204 1427 5280 3ἳ9·331,
1440 5205 1522 5268 Ἔτος
1542 5201 1644 5276 4868,)
1662 5202 1715 5258 ύπό
1728 5211 1778 5267 τοῦ

537 5296 715 5359 ιύπαιδιύτοο
742 5297 822 5380 ρίλοο
854 5298 1232 5380 ’1.ἼσιάωρίόοοΣκολῑσση,
1261 5302 1355 5381 ἐκιτοῦ
1375 5303 1474 5356 όπσίον
1491 5297 1672 5372 μετττυποίόη
1688 5298 1722 5353 ἐκ
1743 5305 1780 5371 τὴ

537 5402 566 5457 ίν
583 5390 715 5469 ’Δύὴναις
728 5394 891 5478 έκόιᾶομένη
907 5396 1050 5481 ,ἐγημιρίάι
1060 5399 1292 5476 mmm
1307 5393 1371 5477 (m.
1385 5397 1473 5477 Ἀριθ.
1487 5396 1536 5468 Ξύ,
1553 5392 1617 5455 Σιλ.
1631 5392 1779 5464 206-2073
