4644 6758
766 1072 896 1133 LEONIS
913 1069 1059 1133 hhhh'l'll
1080 1069 1229 1131 flumas,

623 1265 825 1361 lnhospitali
845 1290 943 1360 rupe,
962 1289 1066 1361 quem
1084 1265 1173 1356 dixi,
1194 1265 1298 1336 modh

622 1384 684 1453 llle
703 1383 776 1477 ipse
796 1397 907 1466 natus,
927 1395 987 1452 aut
1005 1405 1066 1474 per
1086 1380 1250 1454 horrendi
1267 1381 1344 1475 jugi

621 1496 803 1567 Salebrosa
823 1509 957 1589 tesqua,
983 1504 1101 1588 pastus
1124 1494 1252 1587 agresti
1278 1494 1369 1584 ciho,

622 1613 700 1697 Quo
721 1612 775 1684 vel
795 1614 876 1683 ferm
896 1625 1098 1707 pascuntur,
1119 1611 1327 1705 extinguens
1348 1611 1441 1683 sitim

620 1727 748 1799 Hiante
762 1728 913 1824 lymphis
935 1752 1007 1818 ore,
1027 1728 1088 1822 qui
1107 1728 1220 1798 nudus
1236 1742 1353 1821 caput,

619 1845 796 1940 Pedesque
815 1846 912 1917 callis
928 1845 1089 1934 obsitam,
1112 1845 1305 1939 expositam
1320 1846 1393 1916 nivi

620 1961 658 2032 Si
677 1972 794 2054 tegere
814 1975 908 2033 reste
929 1962 1018 2033 forte
1040 1960 1210 2032 voluisset
1232 1973 1360 2052 cutem,

620 2079 772 2150 Centone
791 2079 906 2151 lacero
926 2079 1082 2151 membra
1101 2079 1245 2150 texisset
1263 2102 1350 2164 sua余

620 2194 720 2264 Nunc
739 2193 894 2287 splendet
913 2217 1013 2284 auro,
1033 2207 1126 2266 veste
1148 2218 1240 2266 nunc
1258 2195 1358 2266 floret
1377 2196 1489 2281 cutis余

619 2309 800 2403 Stolasque
814 2309 923 2403 cingit
942 2309 1070 2381 sericas
1088 2310 1212 2405 pedum
1234 2321 1351 2400 tenus,

619 2425 783 2519 Pallaque
802 2426 869 2497 vile
889 2427 1012 2500 sternit
1030 2438 1152 2498 aurata
1171 2427 1299 2516 solum,
1363 2501 1365 2505 ,

617 2540 710 2612 Dum
724 2553 848 2611 cuncta
866 2541 1017 2612 cinerem
1031 2564 1159 2634 pravus
1184 2541 1356 2636 abjectum
1372 2555 1480 2637 putat.

617 2659 783 2728 Mucrone
803 2656 942 2728 madido
962 2658 1025 2729 dos
1043 2659 1236 2752 juventutis
1256 2670 1353 2731 tener

617 2774 762 2862 Cecidit,
782 2774 846 2845 suh
865 2775 940 2869 ipso
959 2773 1096 2845 turbina
1121 2773 1296 2846 homicida
1317 2775 1472 2848 ohrutus.

615 2891 718 2962 Hunc
736 2889 917 2961 imbecilla
936 2913 1005 2960 non
1027 2889 1213 2960 senectutis
1232 2889 1344 2979 dolor,

615 3007 692 3077 Non
712 3006 929 3077 faeminarum
946 3004 1124 3099 lachryma
1141 3005 1331 3095 seniorum,
1350 3007 1461 3102 pudor

619 3125 696 3195 Non
717 3122 914 3216 virginalis,
934 3132 994 3194 aut
1008 3122 1202 3216 puellorum
1222 3122 1318 3193 rudis

618 3238 786 3331 Loquela,
805 3237 900 3308 ilenti
919 3236 978 3308 sed
998 3260 1110 3330 neque
1127 3235 1297 3308 admistus
1316 3260 1401 3308 sono

617 3352 721 3422 Risus
739 3362 882 3423 cruenta
901 3349 992 3421 caede
1010 3349 1224 3421 sitibundum
1238 3351 1370 3424 arcuit:

617 3469 683 3540 Sed
703 3469 855 3563 percitus
871 3467 989 3538 lurore
1015 3466 1147 3556 nativo,
1170 3491 1291 3561 gerens

615 3584 861 3668 insanientem,
881 3582 1037 3676 stirpitus
1057 3583 1180 3654 dextra
1206 3583 1314 3678 impia

616 3701 732 3773 Genus
750 3699 946 3771 immolavit
965 3722 1067 3770 omne
1084 3701 1296 3788 Graecorum,
1310 3701 1426 3795 Stygis

615 3817 845 3889 Tenebricosa
871 3814 1063 3908 transgredi
1076 3815 1211 3908 jussum
1231 3815 1339 3899 rada余

614 3933 797 4027 Spiratque
813 3932 935 4002 crudas
954 3954 1021 4001 aere
1042 3954 1168 4001 vesano
1191 3953 1306 4021 neces,

614 4052 748 4120 Memor
767 4047 900 4118 cruoris
921 4046 1025 4118 edera
1043 4047 1153 4140 sparsi
1169 4070 1285 4119 manu.

664 4164 898 4235 Lascivientcs
914 4162 1041 4233 videris
1061 4163 1145 4256 ripis
1165 4187 1272 4257 aquas

614 4286 762 4354 Tacente
782 4282 896 4372 latice,
915 4292 992 4375 post
1011 4281 1192 4352 inundanti
1212 4292 1251 4352 ut
1276 4281 1397 4376 ligent

614 4400 748 4493 Pluvia,
763 4399 883 4471 fluenti
909 4410 1151 4471 concatenatos
1167 4399 1262 4470 lacus

613 4518 732 4589 Palam
757 4516 936 4602 exhihere,
953 4528 1064 4589 mutat
1079 4516 1202 4611 irrigui
1222 4517 1333 4588 solum

613 4634 739 4706 Vultus
754 4633 931 4724 decorum,
947 4645 1068 4728 sponte
1086 4641 1264 4704 nascentes
1285 4631 1412 4703 cadunt

612 4750 739 4843 Sylva,
759 4749 950 4843 domusque
965 4748 1087 4820 diruta
1105 4734 1285 4842 aquantur
1299 4747 1373 4818 solo
1388 4772 1397 4831 余

612 4867 698 4937 Visu
717 4866 879 4937 indecora
893 4890 1038 4960 quaque
1056 4865 1235 4936 fiuvialem
1253 4887 1350 4935 reum

612 4983 680 5051 Res
700 4980 924 5050 criminatur:
944 4992 1051 5073 utque
1070 4979 1217 5049 Vulcani
1234 4978 1335 5072 ignea

612 5096 673 5165 Vis
693 5093 867 5164 helluatur
886 5093 1017 5183 omnia,
1034 5103 1069 5164 et
1088 5092 1156 5164 late
1176 5115 1286 5162 vorax

612 5211 818 5302 Bacchatur,
839 5220 914 5281 atra
932 5209 1040 5279 donec
1059 5208 1078 5278 d
1097 5231 1209 5302 pruna
1234 5207 1336 5297 cinis,

611 5328 817 5422 Umhraeque
831 5336 995 5423 superant
1010 5358 1020 5420 3
1039 5347 1110 5400 nou
1129 5349 1228 5400 secus
1245 5323 1331 5397 ferri
1356 5321 1530 5416 impotens
