4626 6728
559 1104 626 1171 ill
823 1112 885 1169 ΕΙΣ
909 1111 986 1169 TON
1013 1109 1305 1167 stou-unumne
1325 1106 1534 1169 saturior.

553 1308 715 1379 Ecclesiae
734 1306 885 1401 negotia,
907 1317 946 1377 nt
965 1306 1031 1377 sibi
1049 1306 1195 1394 videtur,
1215 1305 1393 1399 dijudicat·
1419 1305 1500 1396 Qui,
1519 1307 1655 1377 etiamsi
1678 1306 1796 1399 vellet,

553 1446 668 1493 errare
683 1446 750 1492 non
766 1434 899 1515 potest;
920 1445 997 1492 oum
1016 1419 1167 1514 perfidiae
1185 1421 1220 1491 in
1240 1445 1318 1491 eum
1337 1444 1494 1492 accessus
1514 1421 1718 1496 interclusus
1734 1428 1795 1511 sit,

550 1562 613 1607 nec
647 1538 836 1631 praestigias
856 1537 1021 1631 recipiat;
1059 1536 1193 1606 etiarnsi
1213 1537 1365 1630 Angelus
1384 1537 1484 1607 aliter
1512 1539 1657 1631 nuntiet,
1689 1566 1793 1635 quaro

548 1656 749 1747 praedictum
776 1668 840 1744 est,
862 1655 989 1725 Christi
1011 1653 1215 1724 auctoritate
1236 1654 1389 1724 munitus
1423 1657 1548 1727 mutari
1581 1682 1648 1729 non
1669 1673 1793 1753 potest.

547 1771 866 1859 (leonumlonum,
883 1773 933 1841 De
949 1771 1110 1840 Ecclesiae
1126 1769 1244 1839 Occid.
1263 1781 1366 1863 atque
1380 1770 1511 1843 Orient
1524 1787 1688 1868 perpetua
1707 1801 1793 1848 con·

545 1887 717 1978 sensione,
738 1888 819 1959 libri
837 1901 917 1961 tres.
936 1887 1011 1961 Lib.
1037 1909 1065 1976 ι,
1087 1889 1168 1980 Cap.
1186 1909 1227 1975 ιι,
1249 1889 1329 1981 Pag.
1347 1883 1427 1987 ta).

596 2120 629 2206 3)
656 2117 752 2210 Opus
767 2128 854 2207 erat,
871 2116 1049 2206 ellraenes,
1064 2115 1291 2209 propriaeque
1308 2113 1391 2187 lidei
1412 2117 1569 2208 rebelles,
1582 2132 1616 2191 et
1634 2122 1792 2195 veritatis

542 2245 809 2325 oppugnatores,
837 2255 905 2302 non
926 2231 1045 2321 exilio,
1065 2230 1124 2301 sed
1161 2231 1253 2300 lerro
1275 2244 1309 2302 et
1328 2230 1407 2324 igne
1426 2233 1462 2302 in
1492 2234 1663 2306 saniorem
1690 2263 1789 2310 men-

542 2359 610 2417 tem
627 2349 801 2421 reducere.
820 2352 874 2419 An
894 2371 963 2418 non
980 2347 1046 2441 ipsi
1065 2347 1201 2432 Graeci,
1217 2371 1295 2417 curn
1325 2361 1483 2442 poterant
1509 2362 1540 2421 et
1561 2352 1734 2444 volebant,
1751 2358 1788 2428 io

541 2463 678 2533 eosdem
698 2464 839 2534 Latinos
868 2463 1037 2534 atrociota
1062 2460 1309 2556 patraverant?
1351 2464 1522 2534 Haeretici
1552 2469 1787 2558 proscribendi

539 2593 633 2666 suut,
660 2581 912 2653 exterminandi
932 2592 1025 2665 sunt,
1045 2579 1207 2674 puniendi
1224 2593 1316 2669 suot,
1337 2594 1372 2651 et
1391 2581 1581 2675 pertinaces
1597 2585 1788 2679 occidendi,

536 2699 722 2773 cremandi.
738 2702 789 2770 lta
810 2701 902 2792 leges
919 2697 1075 2769 lanciunt
1088 2722 1097 2782 ;
1110 2697 1157 2768 ita
1170 2696 1367 2768 observavit
1383 2699 1581 2793 Antiquitas
1597 2725 1606 2785 ;
1622 2725 1684 2772 nec
1696 2702 1788 2774 alius

538 2830 589 2886 est
615 2839 692 2885 mos
712 2816 913 2887 recentioris
938 2815 1129 2904 Ecclesiae,
1142 2825 1216 2885 torn
1242 2814 1393 2884 Graecae
1413 2838 1489 2886 cnm
1513 2817 1697 2910 lmperinm
1714 2834 1786 2891 sta·

535 2929 606 3020 bat,
624 2945 697 3001 turn
716 2931 870 3002 Latinae.
893 2930 994 3021 (thid,
1013 2930 1088 3005 Lib.
1103 2952 1144 3021 ιι,
1177 2931 1260 3023 Cap.
1281 2952 1365 3018 xm,
1386 2933 1464 3025 Pag.
1492 2926 1586 3034 696).
1621 2935 1786 3034 'atnepos

535 3068 593 3121 τοῦ
621 3049 699 3122 ίδίου
717 3057 833 3123 τούτου
853 3059 1098 3148 συγγράμματος
1119 3047 1208 3139 (le·
1227 3069 1269 3137 tt,
1283 3048 1362 3140 Cup.
1382 3070 1446 3137 xv,
1465 3070 1543 3135 nt,
1560 3071 1653 3139 tht,
1673 3074 1783 3141 xvttt,

533 3159 611 3263 ele.)
632 3173 790 3239 ἀποκαλεῖ
808 3167 880 3250 τοὺς
902 3171 1068 3262 θεολόγους
1088 3182 1143 3248 τῆς
1164 3165 1368 3246 ’λνατολικῆς
1387 3162 1570 3263 Ὀρθοδόξου
1590 3161 1782 3257 ἐκκλησίας,

532 3287 572 3364 ὡς
588 3290 685 3380 λόγου
700 3291 802 3381 χάριν,
817 3302 992 3351 reurorron
1012 3288 1255 3369 ιιιιιιιιιιμτὸν
1273 3298 1330 3364 τῆς
1349 3289 1380 3354 ἐν
1393 3301 1458 3364 rot:
1474 3280 1670 3366 Βυζαοῃοοις
1685 3284 1782 3358 ’ave-

528 3404 662 3494 κτίροις,
681 3408 712 3472 ἐν
729 3401 773 3480 οἷς
785 3407 820 3471 ἐκ
839 3395 960 3470 παίδων
971 3404 1156 3496 ἐτέθραπτο,
1169 3393 1261 3479 δόξης
1280 3402 1339 3473 τὴν
1352 3403 1384 3468 ἐν
1398 3389 1498 3468 Ᾰθωνι
1516 3403 1707 3494 μοναστικίιν
1727 3429 1781 3496 ρι-

530 3521 680 3610 λοοορίαν
695 3520 947 3611 προτιμήσαντα,
964 3520 1017 3584 καί
1035 3518 1117 3610 μετὰ
1135 3517 1255 3609 μακρὰν
1270 3518 1302 3583 ἔν
1316 3541 1353 3583 τι
1367 3517 1478 3608 θεωρία
1496 3519 1548 3584 καί
1570 3511 1679 3610 πράξει
1696 3545 1780 3586 παν-

530 3638 619 3712 τοίας
646 3637 759 3728 οίριτῆς
779 3635 909 3707 ἄσκησιν
929 3634 1164 3726 μητροπολίτπν
1193 3630 1446 3724 προχιιρισθίντα
1461 3641 1517 3708 τῆς
1535 3635 1781 3723 μιγαλοπόλιως

528 3753 770 3835 Θεσσαλονίκης,
786 3752 823 3824 ἣν
841 3754 895 3818 καὶ
915 3750 1006 3843 μέχρι
1024 3751 1155 3841 σήμερον
1173 3750 1349 3830 ἐπισκοπεῖ,
1369 3750 1422 3813 καί
1441 3763 1638 3840 κατακοσμίί
1654 3739 1707 3815 διὰ
1721 3761 1782 3817 τοῦ

528 3867 609 3933 cison
629 3862 703 3935 κατ’
714 3867 813 3940 αὐτὴν
833 3870 887 3934 καί
907 3867 1051 3958 ἀκεραίου
1082 3865 1150 3946 θείᾳ
1177 3864 1284 3956 χάριτι
1303 3863 1491 3956 τηρουμένου
1517 3863 1661 3956 πανιίρου
1681 3865 1781 3931 αὐτοῦ

528 3984 691 4059 σκήνους.»
707 3976 777 4065 (ut-
791 3981 1029 4048 Κωνσταντίνου
1043 3990 1101 4046 τοῦ
1116 3971 1149 4057 ἐξ
1163 3978 1352 4070 Οίκονίμων,
1367 3981 1439 4069 Περὶ
1452 3989 1516 4044 τῶν
1530 3986 1568 4061 0,
1578 3968 1780 4071 Ερμηνσυτῶν

528 4109 584 4175 τῆς
602 4103 746 4174 llutos&
764 4096 847 4173 θείας
861 4106 997 4189 Γραρῆς,
1011 4087 1097 4161 tait.
1112 4106 1149 4177 Δ,
1162 4099 1227 4161 oet.
1244 4096 1264 4161 7
1269 4090 1341 4179 st),
1358 4107 1509 4155 reorrton
1528 4108 1700 4156 rornsrron
1713 4090 1781 4188 (δχι

529 4228 716 4296 torremur,
738 4213 869 4292 ὡςτινσς
900 4224 963 4280 τῶν
996 4214 1172 4305 βιογριίρων
1200 4213 1298 4279 αὐτοῦ
1332 4213 1528 4304 ἐσραλμίνως
1560 4211 1779 4303 {propitum

529 4329 749 4412 Σιοιιιιοῐι,ὃ
785 4333 885 4422 ὄνομα
921 4325 981 4402 ἧσο
1003 4328 1074 4419 οὐχὶ
1092 4328 1131 4394 τὸ
1149 4340 1206 4405 τῆς
1225 4327 1412 4419 οίκογσνσίας
1433 4326 1530 4395 αὑτοῦ
1549 4328 1635 4395 ἀλλὰ
1661 4340 1718 4394 τοῦ
1737 4330 1778 4394 οἱ·

530 4439 699 4538 ξιὼματος,
719 4446 734 4513 ὃ
751 4444 819 4539 εἶχε
834 4447 918 4540 παρὰ
943 4457 989 4529 τῷ
1008 4447 1219 4538 Αὐτοκράτορι
1235 4439 1350 4519 louinco
1363 4435 1402 4512 ll'
1414 4457 1460 4528 τῷ
1480 4447 1690 4537 Παλαιολόγῳ
1708 4450 1780 4539 πρὶν

530 4560 549 4634 ἢ
570 4564 703 4653 μονάσῃ,
729 4567 783 4629 καὶ
802 4565 876 4654 ὅπερ
903 4573 949 4644 τῷ
976 4553 1098 4630 ἐδίδοτο
1114 4560 1155 4639 ὡς
1175 4558 1297 4646 τίτλος)
1322 4562 1378 4630 τὸν
1393 4572 1482 4644 Χῖον,
1501 4562 1559 4629 τὀν
1574 4574 1697 4653 πρῶτον
1716 4561 1778 4631 ὑπὸ

529 4679 567 4745 τί
590 4682 689 4770 ὄνομα
715 4691 901 4760 reputatos,
923 4677 1004 4770 μετὰ
1032 4677 1090 4750 τὴν
1109 4679 1227 4745 ἅλωσιν
1246 4689 1302 4755 τῆς
1319 4678 1678 4755 Κωνσταντινουπόλσως
1706 4687 1778 4744 lla·

529 4787 814 4889 τριάρχην,«ἄνδρα
834 4799 900 4888 περὶ
925 4796 967 4863 τὰ
987 4796 1056 4862 θεῖα
1075 4796 1182 4887 σορόν,
1201 4798 1253 4862 καί
1273 4795 1423 4870 παντοίας
1435 4793 1540 4885 λόγων
1558 4784 1641 4872 ἰδίας
1660 4795 1777 4885 ἐγκρα-

530 4913 620 4984 elo»
644 4904 878 4995 lrtlcllussclll.
899 4901 945 4993 o'‚
963 4916 1028 4978 σσλ.
1047 4906 1144 4994 793),
1159 4923 1310 4971 tetarlon
1329 4921 1434 4970 noran
1457 4907 1533 4973 «τὸν
1552 4908 1702 4999 μακάριον
1720 4911 1777 4974 καὶ

530 5029 749 5120 μιγιιλίρρονα
766 5029 875 5096 ποίπαν
890 5028 944 5096 καί
963 5028 1158 5120 πατριάρχην
1174 5014 1410 5116 Ᾰλσξοινδριίας,
1430 5022 1550 5099 οὔτινος
1576 5022 1683 5094 τοίντι
1708 5026 1778 5108 πιρὶ

530 5147 586 5223 τὰς
603 5145 686 5222 οιίοις
704 5148 839 5238 Γραροίς,
859 5147 912 5213 καί
937 5144 995 5218 τὴν
1014 5143 1115 5217 ἄλλον
1135 5141 1263 5227 βαθεῖαν
1282 5131 1439 5224 παιδιίαν,
1458 5138 1578 5206 καὶτὸν
1596 5128 1692 5216 ζῆλον
1717 5151 1777 5216 τῆς

530 5256 697 5345 ιῦσσίίσίας,
717 5267 770 5330 καὶ
786 5265 843 5337 τὴν
856 5263 929 5356 ὑπὲρ
952 5274 1009 5338 τῆς
1025 5250 1201 5336 ἐκκλησίας
1224 5260 1419 5326 ἀνίσταιιτον
1431 5257 1575 5350 μέριμναν
1589 5267 1778 5348 μαρτυροῦσι

530 5381 728 5473 οτιντορσίως
742 5377 774 5449 αἱ
786 5370 958 5458 πολυειδεῖς
973 5378 1070 5448 αὐτοῦ
1081 5368 1436 5470 ουργραραί.»(Λίτίθι,
1445 5365 1531 5441 ott„
1540 5359 1662 5455 Α’,σιλ
1676 5367 1777 5457 803),
