4626 6728
950 1037 1128 1101 ΛΕΟΝΤΟΣ
1145 1036 1344 1099 mmor

1082 1269 1199 1340 XXIX

576 1444 627 1515 De
642 1439 799 1535 Georgiis
812 1451 978 1511 eteorum
990 1436 1128 1532 scriptis
1141 1435 1300 1509 diatriba.
1314 1444 1662 1527 mmmmm&
1675 1442 1741 1513 εον·

575 1588 614 1666 ‘fl
629 1589 774 1692 διατριύὴ
801 1597 882 1670 αύτη
897 1597 1022 1688 εύρηται
1036 1596 1089 1662 καί
1105 1595 1146 1671 είς
1163 1593 1201 1660 τὸ
1220 1593 1311 1670 τέλος
1325 1604 1382 1671 τῆς
1397 1590 1456 1661 ύπδ
1481 1603 1538 1659 τοῦ
1554 1583 1632 1660 ίδίου
1645 1588 1766 1664 Ἀλλα·

527 1716 596 1781 τίου
610 1712 649 1780 τύ
661 1722 783 1804 πρῶτον
797 1701 849 1776 διὰ
867 1720 925 1776 τοῦ
939 1711 1039 1776 τύπου
1053 1699 1314 1800 δημοσιευθείσης,
1334 1709 1388 1773 καὶ
1407 1707 1496 1799 μέρος
1510 1719 1568 1785 τῆς
1583 1721 1682 1801 σειράς
1703 1719 1768 1776 τῶν

527 1822 720 1909 Βυζαντινῶν
742 1826 901 1919 ἱστορικῶν
929 1827 1143 1902 ἀποτελούσης
1173 1818 1260 1916 (Τομ
1273 1814 1335 1909 11⁷¹)
1360 1825 1586 1917 χρονογραφίας
1614 1827 1767 1917 Γεωργίου

527 1940 753 2038 Ἀκροπολίτου
777 1954 835 2010 τού
860 1941 1000 2034 μεγάλου
1013 1940 1200 2033 λογοθέτου,
1212 1943 1278 2032 περὶ
1294 1935 1330 2016 ἧς
1344 1928 1392 2006 ίδε
1406 1939 1462 2006 τὸν
1477 1939 1578 2032 ἀριθμ.
1592 1954 1705 2007 mlv.
1730 1929 1768 2006 ‘0

528 2053 563 2130 δὲ
578 2061 696 2137 κλεινὸς
720 2062 773 2127 καὶ
791 2061 975 2151 ἀείμνηστος
990 2050 1153 2150 Φαύρίκιος
1168 2055 1360 2149 κατεχύρισε
1377 2056 1437 2129 τλν
1455 2057 1522 2147 περὶ
1537 2065 1601 2122 τῶν
1615 2057 1768 2147 φιρύντων

528 2176 567 2245 τὸ
581 2180 680 2268 ὄνομα
705 2173 854 2267 Γεύργιος
869 2164 1022 2265 διαφόρων
1036 2173 1121 2239 κατὰ
1138 2172 1260 2265 καιροὺς
1275 2173 1306 2238 ἐν
1319 2159 1451 2237 Ἐλλάδι
1464 2172 1518 2236 καὶ
1547 2170 1577 2235 ἐν
1599 2161 1768 2260 ἀλλοδαπῇΙ

529 2295 740 2388 ἀκμασάντων
766 2291 968 2385 συγγραφέων
996 2282 1157 2383 διατριύὴν
1181 2290 1313 2373 ταύτην,
1329 2278 1434 2355 διὰτὸ
1452 2288 1581 2356 σπάνιον
1604 2288 1714 2371 αὐτῆς,
1737 2292 1769 2357 ἐν

529 2420 575 2492 τῷ
590 2399 714 2493 δεκάτῳ
727 2408 831 2498 τεύχει
847 2400 924 2491 (σελ.
939 2400 1144 2490 549-824)
1158 2417 1214 2482 τῆς
1224 2393 1407 2480 Ἑλληνικῆς
1421 2402 1518 2470 αὑτοῦ
1533 2395 1744 2488 βιύλιοθήκης.

1104 2644 1204 2714 XXX

581 2856 633 2927 De
652 2854 805 2949 Templis
824 2853 1023 2926 Graecorum
1048 2853 1309 2946 recentioribus,
1324 2853 1367 2925 ad
1393 2854 1558 2926 ioannem
1587 2856 1761 2928 Morinum

528 2973 571 3044 de
596 2972 768 3044 Narthece
786 2971 949 3042 Ecclesiae
963 2971 1103 3061 veteris,
1119 2971 1162 3043 ad
1190 2971 1375 3065 Gasparem
1391 2972 1434 3044 de
1447 2972 1666 3045 Simeonibue
1681 2999 1691 3059 ;
1705 2998 1768 3046 nec

528 3112 600 3161 non
626 3090 667 3161 de
684 3089 896 3161 Graecorum
917 3087 1020 3159 hodie
1035 3087 1252 3182 quorundam
1271 3086 1542 3181 opinationibus,
1555 3090 1598 3162 ad
1614 3091 1772 3163 Paullum

528 3206 724 3279 Zacchiam·
744 3228 919 3278 ευιοηνειι
930 3227 1159 3296 mmmm,
1177 3227 1344 3294 κυεην,
1356 3214 1398 3292 εἰς
1413 3216 1480 3281 80⁹2
1494 3217 1548 3282 καὶ
1558 3215 1630 3283 ἄνευ
1644 3229 1701 3294 τῆς
1717 3241 1771 3284 τε·

530 3333 680 3407 λευταίας
694 3321 867 3422 διατριύῆς,
885 3342 1066 3408 Russus,
1080 3340 1250 3411 uncxtv„
1265 3327 1306 3406 εἰς
1319 3329 1383 3394 4οῑ

581 3556 664 3625 Aizi
680 3567 726 3640 τῷ
751 3557 839 3649 τύμῳ
859 3558 963 3640 τούτῳ
985 3569 1064 3650 τρεῖς
1082 3571 1296 3650 πραγματεῖαι
1332 3558 1388 3625 εἰσί
1416 3559 1488 3625 λίαν
1519 3561 1681 3652 περίεργοι.
1717 3553 1769 3626 Ἐν

530 3671 586 3764 μὲν
602 3683 644 3761 τῇ
666 3669 773 3764 πρώτῃ
795 3673 1051 3764 πραγματεύεται
1071 3670 1087 3737 ὁ
1110 3666 1275 3749 Ἀλλάτιος
1298 3671 1512 3740 ἐκτενέστατα
1538 3675 1606 3764 περὶ
1634 3685 1697 3740 τῶν
1716 3687 1773 3751 τῆς

530 3791 647 3882 ἐποχῆς
666 3790 782 3866 ἐκείνης
801 3790 832 3855 ἐν
852 3802 921 3865 ταῖς
941 3781 1139 3866 Βυζαντιναῖς
1168 3788 1281 3881 χώραις
1312 3777 1502 3865 Ἐλληνικῶν
1530 3792 1711 3873 ἐκκλησιῶν,
1731 3787 1772 3857 ὧν

530 3903 588 3977 τὴν
617 3901 873 3996 ἀρχιτεκτονικὴν
907 3905 960 3969 καὶ
984 3894 1130 3995 διαίρεσιν
1154 3905 1343 3996 περιγράφει·
1376 3906 1407 3972 ἐν
1426 3895 1462 3971 δὲ
1481 3915 1523 3993 τῇ
1543 3896 1674 3997 δευτέρᾳ
1709 3897 1772 3982 ἐξι-

529 4032 645 4112 στορεῖ,
665 4020 715 4086 ὅτι
731 4021 762 4086 ἐν
783 4029 829 4101 τῷ
843 4018 969 4110 νάρθηκι
993 4030 1056 4085 τῶν
1075 4020 1212 4112 ἀρχαίων
1241 4031 1322 4085 ναῶν
1355 4020 1536 4112 είσήρχοντο
1556 4018 1585 4087 οἱ
1600 4023 1772 4113 Κατηχού·

531 4161 616 4230 μενοι
641 4136 747 4228 μόνον,
760 4134 790 4203 οἱ
807 4130 1035 4228 Ἐνεργούμενοι
1058 4139 1110 4202 καὶ
1131 4135 1160 4203 οἱ
1178 4126 1322 4228 δευτέρου
1336 4141 1390 4205 καί
1407 4140 1514 4228 τρίτου
1533 4138 1654 4229 βαθμοῦ
1674 4162 1773 4231 μετα·

530 4262 682 4328 νοοῦντες·
700 4252 753 4316 καὶ
773 4252 803 4317 ἐν
822 4261 863 4338 τῇ
882 4252 972 4342 τρίτῃ
1002 4241 1157 4343 διηγεῖται
1177 4252 1233 4328 τάς
1254 4255 1320 4344 περὶ
1340 4252 1575 4344 Βοορκολάκων,
1596 4259 1774 4322 Σκαλικαν·

532 4357 666 4457 τζάρων,
681 4366 860 4456 Στοιχείων,
875 4356 1047 4457 Νηρηίδων,
1063 4368 1193 4458 Μάγων,
1211 4370 1399 4449 Βασκανίας,
1413 4369 1595 4459 Δαιμονίων,
1610 4371 1663 4434 καὶ
1679 4368 1773 4436 ἀσθε-

532 4489 619 4546 νειῶν
631 4469 871 4572 δεισιδαιμονίας
885 4491 948 4545 τῶν
963 4482 1048 4546 Χίων
1062 4484 1114 4548 καὶ
1133 4485 1163 4548 ἐν
1177 4482 1258 4574 γένει
1273 4493 1336 4548 τῶν
1349 4470 1520 4566 Ἐλλήνων,
1535 4487 1589 4551 καὶ
1603 4484 1645 4550 τά
1659 4477 1710 4552 ὑπ’
1721 4485 1776 4550 αύ-

533 4603 596 4660 τῶν
615 4593 688 4685 πρὸς
716 4583 900 4685 διαφύλαξιν
920 4596 1074 4686 ἐνιχρνίσει
1094 4598 1171 4662 ὄντα
1190 4596 1270 4688 μέσα
1288 4587 1412 4671 δηλαδὴ
1439 4583 1548 4691 ”Αγιον
1571 4582 1713 4682 Ἐλαιον,
1733 4598 1774 4666 ά·

534 4710 668 4800 γίασμα,
691 4709 875 4800 προσευχάς.
894 4714 945 4774 κλ.

1031 4937 1035 4945 “
1097 4932 1212 5002 XXXI

583 5159 637 5269 ⁰⁴?
654 5182 814 5233 mensura
828 5171 1024 5257 temporum
1040 5163 1277 5259 antiquorum,
1297 5173 1332 5236 et
1346 5139 1531 5262 ρνοεοίρίιο
1550 5166 1775 5260 Graecorum,

536 5277 751 5354 exercitatio·
773 5302 944 5357 εοιοινωυ
963 5301 1191 5379 mmmm,
1206 5306 1363 5378 mxiv,
1382 5293 1423 5372 εἰς
1441 5296 1508 5363 κον·
