4626 6728
492 1099 558 1166 ⁴22
754 1107 814 1167 ΕΙΣ
840 1108 917 1167 ΤΟΝ
944 1107 1037 1167 mon
1063 1106 1243 1166 ΛΕΟΝΤΟΣ
1267 1107 1474 1167 ΑΛΔΑΤΙΟΥ.

488 1316 576 1403 μόλις
587 1315 644 1388 τὴν
657 1315 780 1390 ἡλικίαν
794 1316 886 1404 ἤμην,
895 1317 948 1380 ὅτε
955 1317 1078 1406 καιρίως
1090 1317 1230 1388 ἐνόσησα.
1240 1325 1306 1381 Τῶν
1318 1306 1353 1382 δέ
1365 1316 1478 1406 ἰατρῶν
1488 1276 1731 1384 ἀδυνατούντίσν

486 1428 571 1496 ιάῖσαι
585 1456 635 1521 με,
656 1432 770 1496 καίτοι
789 1420 1003 1506 παντοδαποῖς
1024 1430 1194 1521 φαρμάκοις
1220 1428 1433 1521 χρησαμένων,
1454 1430 1472 1505 ἡ
1493 1430 1595 1520 μίιτηρ
1626 1430 1730 1521 ὁρῶσα

486 1570 525 1634 με
549 1548 597 1611 ἐπὶ
616 1558 671 1622 τῆς
691 1558 849 1637 στρωμνῆς
868 1545 1054 1619 ἀναίσθητον
1080 1547 1230 1637 κείμενον,
1256 1546 1310 1610 καὶ
1342 1544 1385 1636 μὴ
1406 1535 1575 1636 δυνάμενον
1606 1545 1728 1625 ἐσθίειν,

485 1662 592 1742 πίνειν,
620 1660 639 1734 ἢ
658 1667 778 1744 λαλεῖν,
795 1665 959 1753 περίλυπος
984 1664 1038 1729 καὶ
1058 1664 1265 1753 ἀμηχανοῦσα
1294 1651 1455 1733 διευθύνθη
1475 1660 1549 1751 πρὸς
1569 1661 1626 1727 τὸν
1644 1666 1730 1734 πλη-

484 1777 632 1868 σιόχωρον
650 1778 723 1844 ναόν
742 1791 797 1856 τῆς
816 1773 1022 1870 Ἐστεμμένης
1043 1778 1214 1860 θεστόκου,
1244 1773 1280 1854 ἧς
1299 1778 1318 1854 ἡ
1339 1777 1477 1854 ἐπέτειος
1503 1777 1595 1868 ἑορτὴ
1615 1778 1674 1849 τὴν
1691 1778 1732 1853 ἡ·

483 1892 578 1983 μόραν
596 1896 712 1968 ἐκείνην
735 1895 816 1988 μετὰ
846 1903 966 1972 πολλῆς
995 1907 1121 1987 πομπῆς
1140 1898 1192 1960 καί
1222 1895 1363 1987 μεγάλου
1395 1887 1554 1986 σείασμσῦ
1574 1893 1633 1961 ὑπὸ
1662 1905 1727 1961 τῶν

482 2011 566 2073 Χίων
585 2011 736 2091 ἐτελεῖτο,
757 2013 810 2076 καί
829 2011 910 2102 μετὰ
927 2011 986 2082 τὴν
1000 2022 1057 2086 τῆς
1077 2013 1271 2103 λειτουργίας
1291 2011 1443 2077 ἀπόλυσιν
1461 2013 1666 2083 πλησιάσασα
1680 2022 1728 2092 τῷ

483 2121 714 2208 είκονοστασίῳ,
743 2127 797 2191 καὶ
823 2126 861 2191 τὸ
880 2126 1043 2217 πρόσωπον
1060 2137 1117 2202 τῆς
1135 2125 1260 2202 Είκόνος
1279 2137 1336 2202 τῆς
1358 2126 1515 2216 Παρθένου
1535 2117 1588 2192 διὰ
1606 2116 1728 2192 κλάδου

482 2237 598 2326 μύρτου
616 2236 854 2328 προσψαύσασα,
868 2229 1003 2330 δρομαία
1016 2229 1123 2305 οἶκαδε
1140 2240 1357 2331 ἐπανέρχεται,
1370 2243 1423 2305 καὶ
1439 2239 1481 2316 εἰς
1498 2239 1554 2306 τὸν
1571 2241 1728 2332 θάλαμον,

481 2349 556 2416 ἔνθα
581 2353 669 2444 μόλις
686 2353 785 2419 πνέων
804 2352 984 2445 εύρισκόμην
1001 2352 1194 2433 εἰσελθοῦσα,
1218 2363 1275 2418 τοῦ
1294 2355 1369 2444 ἐμοῦ
1390 2353 1558 2445 προσώπου
1575 2355 1629 2419 καὶ
1647 2355 1728 2426 στή-

481 2463 551 2542 θους
568 2455 609 2530 δι’
622 2466 720 2532 αὐτοῦ
751 2467 896 2533 ἅπτεται.
921 2446 961 2530 Ὠ
980 2478 1037 2532 τοῦ
1056 2460 1237 2558 θαύματοςί
1264 2466 1327 2537 Τὴν
1354 2463 1545 2558 πρόσψαυσιν
1562 2469 1652 2558 μόλις
1670 2478 1729 2533 τοῦ
1836 2470 1850 2497 “

480 2581 596 2671 μύρτου
615 2582 799 2665 αἰσθανθείς,
818 2585 997 2675 παραυτίκα
1024 2584 1097 2660 τοὺς
1133 2583 1311 2674 ὀφθαλμούς
1337 2575 1467 2665 ἠνέῳξα,
1488 2583 1546 2656 τὴν
1567 2578 1640 2675 πάρ’
1659 2584 1728 2675 ἐμοὶ

479 2699 727 2790 προσευχομένην
755 2701 952 2791 ταλαίπωρον
981 2699 1101 2790 μητέρα
1132 2698 1334 2789 ἀνεγνῶρισα,
1361 2701 1413 2765 καὶ
1433 2698 1490 2770 την
1510 2698 1616 2790 ὑγείαν
1649 2700 1729 2766 όλσ·

479 2824 595 2904 σχερῶς
625 2816 800 2887 ἀνακτῆσαι
833 2816 968 2906 ἐνόμισα.
1001 2803 1123 2905 Ὀρῶσα
1157 2815 1298 2906 ἡμητηρ
1324 2813 1382 2887 τὴν
1401 2815 1637 2907 θαυματουργόν
1668 2827 1727 2892 τῆς

479 2930 637 3021 Παρθένου
652 2931 826 3022 θεραπείαν,
847 2931 882 2996 ἐκ
901 2927 1001 3021 ψυχῆς
1021 2931 1120 3004 αὐτὴν
1138 2931 1359 3023 ηὗχαρίστησε,
1378 2934 1432 2997 καί
1460 2932 1515 2998 τόν
1534 2933 1725 3024 ἡγιασμένον

477 3047 620 3136 μύρτειον
637 3036 756 3112 κλάδον
772 3047 856 3138 παρά
875 3060 944 3124 ταῖς
960 3049 991 3113 ἐν
1006 3058 1091 3128 σηκῷ
1116 3048 1242 3138 ἀντικρύ
1261 3059 1319 3123 της
1338 3049 1443 3124 κλίνης
1457 3072 1515 3138 μου
1534 3047 1727 3138 τεθειμέναις

477 3160 574 3227 εἰκόσι
602 3160 797 3243 ἀποθέσασα,
827 3161 868 3237 εἰς
887 3161 925 3226 τό
951 3164 1176 3253 παρακείμενον
1209 3151 1369 3252 δωμάτιον
1393 3161 1546 3257 μ’σῆλθεν,
1575 3165 1629 3228 ἵνα
1658 3176 1727 3240 τοῖς

477 3277 674 3368 συνηγμένοις
694 3275 854 3368 συγγενέσι
873 3276 927 3341 καί
944 3277 1131 3351 ἐκπληκτοις
1150 3275 1265 3366 ἰατροῖς
1292 3275 1349 3346 τὴν
1367 3277 1551 3367 εὐχάριστον
1571 3277 1726 3368 ἀγγελίαν

475 3393 622 3482 ἀγγείλῃ·
647 3389 729 3485 Ἐγὼ
748 3384 783 3459 δὲ
799 3395 852 3459 καί
864 3418 914 3460 τοι
933 3392 1088 3484 ἐφιέμενος
1110 3393 1219 3469 ύπνου,
1246 3381 1319 3456 ἰδὼν
1339 3391 1397 3462 τὴν
1414 3391 1535 3483 μητέρα
1556 3393 1724 3484 ἀναχωριί·

475 3531 588 3588 σασαν,
615 3509 667 3573 καί
686 3499 828 3598 φούηθεὶς
847 3506 948 3597 μήτις
967 3505 1068 3596 λάθρα
1088 3505 1184 3571 ἐλθὼν
1203 3504 1241 3570 τό
1269 3505 1442 3596 πολύτιμον
1472 3509 1526 3573 καὶ
1557 3509 1729 3598 προσφιλὲς

476 3613 657 3713 ὑπαιξερέσῃ
691 3623 787 3688 ἐκεῖνο
821 3623 995 3713 φάρμακον,
1016 3609 1254 3710 ἀσκαρδαμυκτὶ
1279 3618 1353 3710 πρθς
1374 3620 1452 3685 αὐτὸ
1472 3613 1624 3702 ἡτένιζον,
1653 3623 1722 3702 ὅτε,

475 3749 532 3814 τῆς
558 3738 667 3815 νυκτός
687 3739 873 3814 ἐπελθούσης
892 3741 946 3804 καὶ
965 3747 1028 3804 τῶν
1056 3743 1188 3828 λυχνιῶν
1210 3735 1412 3826 ἀναφθεισῶν,
1427 3726 1509 3803 είδσν
1536 3740 1646 3828 αἴφνης
1669 3762 1725 3830 γυ·

476 3865 583 3929 ναῖκας
599 3843 655 3919 δύο
676 3845 810 3930 ἐξαισίου
828 3858 997 3933 καλλονῆς,
1016 3852 1278 3942 λευχειμονούσας
1296 3851 1349 3915 καὶ
1376 3849 1454 3923 άνθη
1473 3853 1523 3917 ἐπὶ
1543 3864 1600 3929 της
1621 3876 1727 3943 κεφα·

475 3973 533 4042 λης
549 3969 602 4033 καὶ
626 3979 683 4034 τοῦ
701 3967 832 4044 στήθους
851 3967 1013 4059 φερούσας,
1043 3967 1092 4032 ότι
1118 3965 1262 4037 εἰσῆλθον
1282 3967 1316 4032 ἐκ
1335 3978 1407 4057 μιᾶς
1435 3977 1498 4031 τῶν
1518 3978 1635 4057 γωνιῶν
1663 3979 1722 4034 τοῦ

476 4093 634 4163 κοιτῶνος,
650 4084 703 4148 καὶ
733 4083 795 4163 ότι,
814 4095 929 4147 στᾶσαι
949 4081 1007 4173 πρὸ
1026 4093 1084 4146 τοῦ
1102 4092 1199 4153 σηκοῦ
1214 4076 1377 4168 ἀπέκοψαν
1397 4079 1456 4145 ἀνά
1477 4079 1509 4146 ἐν
1540 4084 1658 4172 φύλλον
1686 4081 1725 4148 ί·

475 4199 578 4270 κάστη
598 4200 632 4263 ἐκ
650 4210 707 4264 τοῦ
725 4188 845 4264 κλάδου
863 4208 921 4263 τοῦ
946 4198 1071 4288 μύρτου.
1089 4190 1217 4288 Ὀλίγας
1252 4196 1386 4288 στιγμάς
1407 4197 1546 4288 ὕστερον,
1566 4199 1722 4289 ἐφάνησαν

476 4315 578 4405 έτεραι
609 4307 676 4398 δύο,
699 4314 847 4394 ὡσαύτως
879 4317 957 4397 νέαι,
978 4313 1101 4405 ὡραῖαι,
1122 4313 1361 4380 ἀνθοστόλιστοι
1381 4315 1434 4378 καὶ
1452 4319 1720 4406 λευχειμονοῦσαι,

476 4429 590 4503 αἵτινες
609 4428 841 4494 ἀποκόπτουσιν
869 4428 959 4519 ἕτερα
978 4418 1034 4493 δύο
1063 4427 1177 4519 φύλλα.
1199 4419 1276 4493 Μετ’
1294 4426 1391 4503 αύτάς
1412 4427 1523 4510 ἄλλαι,
1543 4429 1596 4494 καὶ
1625 4431 1722 4496 πάλιν

477 4542 587 4623 άλλαι,
606 4543 680 4634 πρὸς
707 4544 856 4635 μεγίστην
887 4538 990 4630 θλίψιν
1009 4543 1062 4607 καί
1081 4543 1268 4608 ἀπελπισίαν
1298 4543 1374 4631 ἐμοῦ
1405 4553 1462 4608 τοῦ
1481 4543 1524 4634 μὴ
1550 4533 1722 4634 δυναμένου

477 4671 663 4750 κραυγάσαι,
692 4661 744 4724 καὶ
764 4653 836 4726 κατ’
855 4659 958 4726 αὐτῶν
977 4657 1119 4741 βοήθειαν
1139 4654 1337 4729 αἰτήσασθαι.
1371 4649 1448 4738 Ἐνῷ
1483 4647 1667 4734 ἐταλάνιζον
1685 4657 1720 4723 ἐ·

478 4774 597 4865 μαυτθν
609 4765 661 4840 διὰ
674 4772 732 4845 τὴν
745 4774 936 4841 ἐπελθοῦσαν
952 4773 1121 4863 συμφοράν,
1135 4770 1226 4863 ἑτέρα
1241 4770 1389 4862 παρθένος
1406 4764 1621 4862 ἐξαισιωτέρας
1636 4775 1720 4835 καλ·

478 4894 583 4969 λονῆς,
601 4889 853 4982 πολυτιμοτέρων
868 4879 1060 4979 ἐνδυμάτων,
1079 4887 1132 4952 καὶ
1151 4885 1481 4978 μεγαλοπρεπεστέρου
1497 4883 1720 4973 ἀναστήματος

479 5004 532 5068 καί
558 4994 751 5096 βαδίσματος
770 5016 834 5074 τῶν
852 5003 994 5097 πρῶτων,
1012 4997 1054 5068 ῶν
1069 5001 1212 5092 ἐφαίνετο
1233 4999 1367 5081 ἄνασσα,
1386 5012 1527 5090 φανεῖσα,
1547 4997 1617 5088 οὐχὶ
1637 4996 1719 5085 φύλ-

480 5123 535 5184 λον
555 5114 627 5185 άλλ’
662 5119 833 5213 ὁλόκληρον
858 5121 914 5189 τόν
944 5109 1063 5187 κλάδον
1081 5119 1263 5209 ἀνήρπασεν.
1293 5106 1498 5208 Ἐμμανὴς·δ’
1512 5114 1574 5206 ἐγὼ
1607 5113 1641 5178 ἐκ
1660 5123 1723 5189 τῆς.

479 5234 666 5312 άπιλτισίας
691 5238 866 5328 γενόμενος,
887 5234 969 5328 μετά
987 5235 1153 5325 ἀνωφελεῖς
1181 5233 1234 5298 καί
1253 5229 1503 5323 ὑπερανθρῶπους
1534 5218 1664 5318 δοκιμάς
1684 5227 1720 5292 ἐ·

480 5348 606 5441 φθῖῖῖα
625 5360 709 5443 γυνθ,
724 5352 849 5445 μεγάλη
868 5351 1051 5442 «Κυράτσα,
1072 5348 1242 5440 ῖίυράτσαῑ
1259 5347 1343 5416 ούτω
1361 5345 1420 5438 γὰρ
1438 5348 1569 5413 καλοῦσι
1586 5341 1629 5409 τὰ
1640 5364 1721 5409 παι·
