4626 6728
893 1106 1128 1190 mammam
1563 1103 1633 1175 137

386 1286 504 1361 1ουλίου
539 1303 597 1360 τού
629 1293 736 1372 1561,
752 1294 921 1387 ἱνυμφεύθο
942 1295 959 1362 1
977 1292 1115 1388 πρίγκηύ
1138 1294 1308 1388 Δημήτριος
1345 1287 1553 1375 ῥοθοκάνακις
1574 1293 1632 1383 (ια)

384 1409 470 1476 κατὰ
486 1409 543 1481 τὴν
564 1411 607 1476 16
625 1401 803 1502 ὀκτωύρίου
817 1422 874 1477 τοῦ
892 1410 983 1477 1611
1009 1414 1040 1477 ἐν
1050 1421 1096 1494 τῷ
1107 1412 1139 1478 ἐν
1153 1411 1309 1479 Νεαπόλει
1321 1411 1472 1496 ἱλληνικῷ
1491 1426 1555 1497 ναῷ
1571 1427 1634 1481 τῶν

426 1605 480 1680 (ια)
496 1605 650 1681 ’ἀνάγνωθι
664 1609 693 1662 ἱν
707 1608 815 1662 1κτάσει
829 1609 862 1664 τά
877 1609 905 1662 ἱν
920 1616 960 1678 τῷ
971 1607 1134 1679 πονηματὶιρ
1155 1606 1245 1679 τούτῳ
1272 1609 1334 1682 περί
1348 1615 1403 1662 τῶν
1418 1604 1637 1683 Παλαιολύγων,

386 1697 627 1758 Ῥοθοιιανακίάιυν
642 1707 689 1758 καὶ
705 1700 797 1758 ἀλλων
812 1705 983 1770 Βυζαντινῶν
998 1703 1092 1759 Οίκων
1103 1701 1283 1777 ἱστορούμενα
1297 1704 1325 1757 ἐν
1339 1712 1395 1764 τοῖς
1406 1705 1616 1779 συγγράμμασιν
1628 1725 1636 1757 ε

387 1798 509 1874 ’ἱστορία
524 1807 571 1863 τῆς
587 1800 671 1864 νήσου
694 1800 777 1869 Χίου,
791 1802 844 1854 ὐπὸ
860 1796 1003 1857 Νικολάου
1018 1794 1145 1854 Βλαστοῦ
1160 1806 1209 1851 τοῦ
1224 1798 1346 1873 Κρητός.
1358 1796 1419 1874 (Ἐν
1435 1795 1492 1853 εελ.
1509 1797 1637 1868 15-16,

390 1896 517 1966 13-19,
531 1897 660 1971 86-86,
674 1898 724 1968 89,
744 1898 926 1974 156-158).
941 1894 1086 1968 venetiis,
1115 1895 1203 1965 1198,
1218 1898 1254 1957 είς
1270 1894 1330 1954 1ου.
1346 1893 1537 1972 Γενεαλογικά
1553 1899 1636 1970 στέμ-

388 2011 466 2064 ματα
497 1994 575 2048 ἱνὶων
594 2002 749 2072 περιφανῶν
764 1995 936 2060 Βυζαντινῶν
960 1994 1055 2050 Οίκων
1079 1992 1134 2046 ἀπὸ
1149 2001 1204 2046 τῶν
1219 1992 1412 2068 ἀρχαιοτάτων
1430 1994 1541 2068 χρόνων
1555 1994 1639 2068 μὶχρι

388 2099 437 2155 της
451 2100 497 2145 νῦν
525 2093 640 2169 ἀποχῆς,
655 2088 821 2168 συλλεγέντα
836 2095 867 2148 ἐκ
882 2086 1067 2146 παντοδαπῶν
1095 2086 1221 2145 παλαιῶν
1236 2109 1265 2145 τι
1280 2095 1327 2145 καί
1351 2091 1418 2145 νὶων
1433 2093 1639 2168 χειρογράφων,

390 2192 464 2266 παρά
491 2190 635 2266 Ἀραενίου
654 2200 785 2246 ταπεινοῦ
812 2183 1259 2267 ’λρχιεπισκύπουΜονεμὸασίας
1288 2189 1351 2267 (Ἐν
1377 2186 1434 2244 σελ.
1456 2189 1637 2266 121-116).

391 2286 533 2361 VenetHS,
549 2288 636 2358 1633,
651 2291 687 2350 είς
702 2285 815 2367 φύλλον.
840 2284 911 2354 Ὠδὴ
930 2289 967 2349 εἱς
981 2289 1030 2353 τήν
1044 2287 1172 2361 γέννησιν
1185 2295 1235 2342 τοῦ
1249 2283 1500 2362 Ἐκλαμπροτάτου
1514 2292 1562 2343 καί
1577 2290 1639 2344 Γα·

389 2379 543 2448 ληνοτάτου
563 2387 715 2460 Πρίγγιπος
737 2387 915 2460 Φραγγίσκου
938 2392 986 2438 τού
1010 2379 1251 2454 Ῥοάοκανάκιάος,
1271 2384 1416 2449 ποιηθεῖσα
1439 2388 1514 2462 παρά
1542 2388 1639 2463 Ζαχα-

392 2480 451 2552 ρίου
471 2480 562 2555 ἱερέως
576 2476 744 2556 Σκορθυλίου
759 2480 881 2556 Κρητός,
895 2488 944 2534 τοῦ
962 2474 1137 2554 παρεπὶκλην
1159 2481 1328 2557 Μαραφαρα,
1343 2484 1390 2534 καί
1412 2481 1563 2558 ἐπιτρόπου
1588 2492 1639 2538 του

392 2585 440 2641 τῆς
459 2575 779 2640 Κωνσταντινουπύλεως
802 2577 1005 2649 Οίκουμενικυῠ
1030 2579 1209 2654 Πατριάρχου
1234 2581 1340 2654 Κυρίου
1356 2579 1477 2657 Ἰωάσαφ
1502 2579 1565 2654 (Ἐν
1581 2575 1639 2635 σελ.

394 2671 514 2749 4-28).
542 2673 591 2730 Ἐν
620 2674 763 2744 Ἐνετιαις,
783 2671 872 2752 ᾳφξβ’,
887 2676 924 2736 εις
940 2671 1002 2731 ἱον.
1021 2671 1117 2732 iacobi
1132 2672 1304 2751 palaeologi,
1319 2673 1462 2753 Principis
1478 2674 1642 2754 Βγεοοιὶιιί,

393 2768 479 2829 Chios
506 2768 649 2829 illustrata
677 2770 873 2848 (Αύτὸγραφσς
902 2765 992 2834 κώάηξ
1011 2775 1122 2848 γραφείς
1146 2771 1190 2824 ίπί
1213 2779 1392 2847 περγσμηνης
1416 2772 1487 2826 κατά
1511 2775 1542 2827 τὸ
1563 2771 1641 2831 1565

394 2869 455 2931 άτος
476 2871 530 2924 ὑπὸ
546 2878 594 2924 τοῦ
613 2877 739 2945 γνωστοῦ
767 2865 922 2923 ἀκολούθου
945 2878 995 2924 τοῦ
1018 2870 1164 2926 Φαούστου
1186 2871 1301 2926 Σοσίνου
1330 2872 1476 2946 πρίγγιπος
1503 2864 1641 2926 ’ἱακώἀου

393 2961 603 3040 Παλαιολόγον.
633 2967 794 3021 Συνίσταται
808 2967 840 3020 ἱκ
854 2965 913 3026 581
932 2961 1056 3035 σελίδων,
1077 2967 1222 3042 σχήματος
1249 2967 1391 3042 τετάρτου,
1406 2966 1574 3043 ἱκατύρωθεν
1588 2987 1640 3043 γε-

394 3062 569 3135 γραμμένων,
585 3063 624 3114 ὧν
647 3063 751 3127 ἑκάστη
775 3062 915 3137 σύγκειται
939 3063 971 3116 ἐκ
986 3061 1023 3121 36
1037 3071 1185 3139 γραμμῶν,
1199 3064 1277 3125 ἱκτός
1301 3072 1356 3118 τῶν
1379 3073 1568 3140 περιεχουσῶν
1592 3066 1642 3128 τήν

394 3157 484 3232 ἀρχὴν
499 3160 545 3210 καί
560 3153 679 3219 τὸτέλος
692 3166 747 3211 τῶν
762 3153 930 3235 κεφαλαίων,
944 3167 999 3211 τῶν
1009 3160 1140 3213 ὁποίωνύ
1155 3157 1266 3234 ἀριθμὸς
1281 3155 1422 3214 ἀλλάσσει.
1434 3159 1598 3228 Ἀπύκειται
1613 3163 1642 3215 ἱν

395 3265 430 3328 τη
446 3257 616 3329 Βατικανείῳ
635 3250 798 3331 βιύλιοθήκη
822 3260 869 3310 καί
887 3259 1110 3333 πραγματεύεται
1133 3261 1195 3332 περί
1214 3267 1263 3327 τοῦ
1282 3253 1515 3314 Ῥοθοκανακεὶου
1543 3259 1643 3329 Οίκου,

396 3356 450 3428 πρὸ
464 3354 574 3410 πάντων
598 3357 692 3417 ἐντατς
709 3350 796 3410 σελίσι
815 3353 943 3424 16-61,
963 3353 1130 3423 183-218,
1149 3353 1642 3434 281-5,311-18,111-116.)

394 3452 520 3513 Histoire
543 3452 595 3513 des
609 3453 726 3512 anaiens
749 3453 828 3513 Duas
856 3461 887 3513 et
901 3460 1001 3514 autres
1029 3452 1204 3513 Souverains
1232 3452 1269 3514 de
1297 3451 1464 3532 l’Arahipel,
1487 3471 1558 3514 avec
1585 3472 1644 3514 una

394 3548 579 3628 Description
602 3548 639 3608 de
654 3548 726 3610 ἱὶεἱε
745 3548 782 3608 de
797 3548 868 3609 Chio
881 3567 920 3610 ou
938 3548 1012 3610 Scio.
1036 3550 1093 3609 Par
1107 3548 1313 3627 Monsaigneur
1337 3548 1363 3609 le
1379 3548 1484 3610 Princo
1506 3550 1645 3626 Franaois

395 3647 509 3726 (Πατὴρ
528 3658 583 3703 τῶν
602 3649 730 3725 ἀνωτὲρω
749 3644 808 3723 [βλ.
827 3668 894 3721 σημ.
914 3647 952 3709 21
971 3653 1019 3704 καί
1037 3647 1343 3723 261μνημονευθὲντων
1362 3649 1501 3726 Στεφάνου
1516 3653 1564 3704 καί
1583 3655 1644 3714 Δη-

395 3747 524 3821 μητρίου,
542 3748 694 3820 μονογενής
713 3741 741 3800 δὲ
755 3748 813 3805 υἱὸς
831 3753 880 3799 που
895 3746 1040 3820 πρίγγιπος
1060 3746 1230 3819 Δημητρίου,
1258 3738 1442 3819 πρεαύυτέρου
1456 3740 1573 3819 ἀδελφοῦ
1594 3753 1643 3798 τεῦ

395 3842 590 3920 ἀναφερθὲντος
611 3839 666 3916 [βλ.
687 3862 754 3915 σημ.
774 3842 825 3915 25]
841 3843 982 3912 Ἰωάννου,
1002 3846 1110 3906 καὶτῆς
1129 3837 1244 3907 Ἐλὲνης
1263 3843 1350 3914 μόνης
1368 3841 1502 3916 θυγατρὸς
1520 3850 1569 3894 τοῦ
1589 3851 1643 3895 τῶν

395 3941 568 4006 Βυζαντινῶν
590 3935 763 4014 τιτουλαρίου
782 3939 984 4013 αὐτοκράτορος
1001 3937 1167 4013 Προσπὲρου
1186 3932 1396 4011 Παλαιολάγου,
1415 3931 1574 4010 θισεγγόνου
1594 3947 1642 3991 τοῦ

393 4035 531 4093 δεσπότου
546 4041 646 4111 Θωμα,
665 4033 783 4115 ἀδελφοῦ
803 4046 851 4091 τοῦ
866 4031 1024 4091 τελιυτα1ου
1044 4037 1072 4090 ἱν
1092 4030 1386 4090 Κωνσταντινουπάλει
1405 4033 1535 4110 ἄρξαντος
1559 4032 1642 4108 βασι-

394 4131 463 4196 λὶως
483 4136 704 4203 Κωνσταντίνου,
723 4136 770 4187 καί
788 4134 891 4198 Ἀννης
914 4139 962 4196 της
980 4128 1171 4196 Δαλασαηνης.
1191 4126 1256 4186 Eas
1274 4134 1322 4184 καί
1335 4131 1414 4192 οὗτος
1434 4132 1465 4185 τὸ
1480 4140 1536 4208 φῶς
1555 4133 1583 4185 ἱν
1602 4140 1643 4203 τῶ

395 4239 594 4307 προπατορικῷ
618 4233 703 4284 αὺτοῦ
723 4231 751 4284 ἐν
770 4229 834 4301 Χίῳ
853 4230 949 4304 πύργῳ
973 4237 1007 4303 τη
1027 4227 1064 4287 18
1083 4229 1254 4303 Ἰανουσρὶου
1273 4236 1323 4281 τοῦ
1343 4225 1419 4286 1566
1431 4227 1519 4298 ἱτους,
1537 4229 1642 4282 ἐσπού-

393 4326 475 4384 δασεν
494 4331 523 4384 ἐν
541 4323 787 4403 Γαλλὶφ,Ἀγγλίᾳ
802 4330 849 4381 καί
870 4323 983 4399 Ἰταλία,
1003 4325 1156 4404 1νυμφεύθη
1176 4324 1201 4400 [1
1224 4325 1341 4384 Ἰουνίου
1362 4324 1451 4399 1589]
1467 4327 1499 4380 τά
1514 4328 1643 4381 είκοστὸν

391 4425 506 4477 ἔννατον
520 4432 568 4488 τῆς
585 4420 693 4488 ἡλικίας
713 4424 787 4498 ἄγων
802 4425 830 4478 ἀν
849 4424 992 4498 Παρισίοις
1009 4424 1059 4487 τὴν
1078 4418 1257 4498 δευτερογενη
1276 4421 1412 4497 θυγατὶρα
1430 4430 1480 4476 τοῦ
1494 4425 1642 4499 πρίγγιτιος

393 4528 440 4584 τῆς
451 4519 523 4577 Χίου
537 4519 703 4595 Ἱερωνύμου
722 4519 903 4581 ’1ουστινιάνη
921 4521 969 4573 καί
983 4514 1170 4596 ἐδολοφονήθη
1193 4518 1221 4571 ίν
1231 4516 1294 4589 Χίῳ
1308 4518 1358 4583 τήν
1377 4517 1462 4572 νύκτα
1477 4525 1525 4584 της
1541 4516 1578 4577 15
1592 4514 1644 4574 ’0-

393 4613 530 4694 κτωύρίου
549 4626 598 4672 τοῦ
614 4617 691 4677 1616
710 4620 765 4673 ύπά
784 4619 927 4693 ἀγνώστου
945 4620 1037 4695 χειρὸς
1056 4613 1284 4677 καταλιπὼντοτς
1298 4618 1366 4677 υἱοῖς
1385 4616 1471 4670 nawa
1489 4618 1644 4691 τὴνπραγ-

393 4717 636 4790 ματοποίησιντοῶ
655 4713 833 4770 κολοσσιαίου
848 4711 1010 4792 σχεδίαν,τὸ
1025 4715 1125 4769 ὁποῖον
1143 4712 1202 4790 εἶχε
1213 4706 1343 4767 συλλάύει
1361 4713 1432 4785 μετά
1447 4722 1496 4767 τοῦ
1515 4715 1577 4768 τότε
1592 4711 1643 4786 βα,

395 4808 490 4872 σιλάως
500 4818 546 4874 τῆς
562 4806 682 4872 Γαλλίας
693 4804 863 4868 Λουδούίκου
877 4810 934 4880 1Γ’,
944 4811 973 4865 ἐν
983 4818 1017 4884 τῇ
1027 4805 1099 4883 αύλη
1108 4818 1157 4864 τοῦ
1176 4811 1276 4865 ὁποίου
1290 4811 1335 4866 ἐπί
1344 4807 1436 4866 πολλά
1451 4810 1500 4875 ἱτη
1510 4804 1640 4884 διὶτριψε,

393 4909 460 4982 πρὸς
479 4901 599 4967 ἱκδίωξιν
613 4915 668 4967 τῶν
686 4907 819 4983 Τούρκων
839 4908 911 4980 ἱντη
921 4905 1003 4977 Ἀσίᾳ
1018 4910 1065 4960 καὶ
1075 4906 1216 4981 ἀνὶγερσιν
1226 4913 1275 4970 της
1285 4906 1451 4971 Βυζαντινης
1467 4906 1643 4980 αὐτοκρατο-

395 4999 476 5079 ρίας).
489 5000 706 5071 Rhadaman,
719 5000 766 5062 fils
776 5001 815 5061 du
831 5000 972 5079 Seigneur
988 5000 1167 5075 Damatrius,
1181 4999 1239 5060 ἱύο
1249 4999 1301 5060 des
1316 4999 1473 5078 Saigneurs
1487 4999 1524 5060 de
1538 4998 1565 5058 la
1580 4999 1642 5060 dite

393 5099 460 5174 Ιεὶε,
470 5108 500 5161 ει
510 5098 538 5159 d'
552 5099 659 5160 Halano
670 5097 869 5176 Pahaologue,
882 5096 1078 5158 descendante
1093 5096 1145 5158 des
1159 5098 1335 5177 Empereurs
1345 5096 1382 5157 de
1392 5095 1644 5176 Constantinople,

393 5201 451 5254 οίε.
467 5197 529 5272 (Ἔν
544 5193 601 5254 αελ.
615 5195 725 5267 3-11,
743 5194 873 5264 32-59,
886 5193 1017 5267 61-68,
1033 5193 1199 5264 113-116,
1215 5193 1382 5265 161-163,
1398 5193 1566 5266 176-183,
1582 5193 1645 5254 816

395 5291 505 5364 mm,
520 5292 577 5353 280
588 5325 627 5339 -
637 5292 706 5368 283,
720 5291 774 5353 331
789 5291 908 5362 -316,
922 5311 950 5347 κ.
970 5288 1030 5369 ἀλ.)
1048 5293 1065 5351 1
1081 5291 1173 5361 Pari&
1189 5290 1277 5361 1666,
1291 5294 1328 5354 εἱς
1346 5291 1409 5350 soa
1430 5291 1484 5352 Les
1506 5292 1645 5352 Homines

395 5386 504 5460 Nables
518 5400 548 5459 ει
563 5388 693 5457 ΙὶΙιιειεω
708 5387 744 5455 da
758 5388 775 5451 Ι·
785 5388 840 5451 lale
854 5386 891 5472 da
904 5386 993 5456 Chim
1007 5387 1097 5450 εειεὶι
1116 5403 1170 5468 par
1184 5387 1243 5457 Soa
1257 5385 1372 5481 Αίιωεε
1387 5385 1591 5473 Μοιιεείςιιευι
1615 5385 1648 5483 la
