4644 6758
731 1145 774 1210 δέ
1301 1145 1387 1203 mox

726 1343 916 1443 ἐνιαυτοὺς
936 1340 1028 1449 μίαν
1046 1339 1160 1450 μένην
1193 1340 1260 1429 καὶ
1278 1343 1348 1443 τὴν
1364 1335 1485 1442 αὐτὴν
1513 1334 1676 1451 γραφέδα
1702 1340 1955 1458 μετεχειρίσθη

725 1481 813 1587 πρὸς
827 1483 972 1589 γραφὴν
991 1490 1060 1589 τῆς
1080 1479 1276 1585 ἓλληνικῆς
1297 1473 1484 1585 γλώσσης,
1519 1471 1587 1568 καὶ
1607 1474 1664 1567 δτι
1681 1473 1872 1578 ἀπολέσας
1887 1476 1956 1566 αὖ·

724 1621 795 1721 τὴν
833 1616 1033 1722 περίλυπος
1069 1617 1179 1737 μέχρι
1209 1612 1375 1722 δακρύων
1408 1606 1550 1730 ἐγένετο
1583 1619 1650 1723 ¹⁸).
1687 1615 1787 1721 Πρὸς
1812 1614 1868 1722 δέ,
1897 1613 1954 1702 ὅτι

724 1756 811 1842 καθ’
830 1751 997 1858 ἑκάστην
1037 1755 1172 1872 σχεδὸν
1205 1751 1363 1858 ἑσπέραν
1393 1748 1598 1870 ἐούχναζεν
1624 1748 1672 1849 εἰς
1689 1753 1733 1840 τὸ
1767 1748 1805 1840 ἐν
1828 1747 1952 1866 Ῥώμῃ
2043 1808 2047 1816 .

726 1895 885 2002 θέατρον
908 1904 982 1984 τῶν
1005 1890 1305 2001 νευροσπάοτων,
1326 1887 1354 1982 ά
1372 1892 1458 1983 λίαν
1478 1891 1653 1999 ἐτέρπετο
1676 1887 1870 2000 θεώμενος,
1886 1893 1954 1980 καὶ

726 2032 784 2123 ὅτι
800 2031 863 2122 ἐπὶ
880 2032 969 2142 μίαν
987 2037 1100 2143 μόνην
1116 2032 1235 2124 νύκτα
1249 2031 1458 2142 ἀντέγραψε
1470 2029 1700 2138 πολέφυλλον
1714 2030 1953 2151 χειρόγραφον

729 2168 1015 2285 ἐπιγραφόμενον
1045 2189 1142 2261 Liber
1164 2190 1299 2262 diurnus
1317 2195 1539 2264 Romanorum
1558 2191 1749 2263 Pontificum
1766 2182 1837 2285 49),
1864 2172 1952 2276 ὅπερ

727 2313 907 2431 Μοναχδς
927 2324 993 2403 τοῦ
1009 2322 1268 2423 Σιστεροιανοῦ
1287 2318 1501 2427 τάγματος,
1520 2318 1712 2424 Ἰλλαρέων
1729 2316 1953 2431 Ῥαγκάτιος

726 2449 966 2557 καλούμενος,
982 2450 1166 2544 ἐδάνεισεν
1180 2455 1295 2572 αὐτῷ.

775 2593 958 2674 Τοσαῦτα
974 2590 1041 2679 καὶ
1072 2589 1354 2682 ἄλλατοιαῦτα
1374 2595 1455 2700 περὶ
1490 2603 1556 2682 τοῦ
1578 2589 1742 2697 ἀοιδίμου
1763 2599 1948 2710 χιογενοῦς

722 2732 831 2828 σοφοῦ
868 2722 999 2813 τούτου
1032 2726 1161 2835 ἀνδρὸς
1193 2729 1400 2850 ἐλέχθησαν
1430 2730 1503 2823 καέ
1533 2727 1750 2841 ἐγράφησαν
1781 2730 1852 2819 ὑπὸ
1877 2738 1949 2817 τῶν

721 2865 932 2983 συγχρένων
946 2860 1012 2957 καὶ
1026 2875 1344 2988 μεταγενεστέρων
1367 2870 1626 2993 χρονογράφων
1643 2871 1844 2976 ἀνέκδοτα,
1858 2878 1950 2972 ζωη·

722 3005 867 3113 po'voew.
894 3013 965 3109 τὰς
986 3011 1073 3116 ffel<
1100 3006 1167 3103 καέ
1188 3016 1251 3106 τὸν
1268 3027 1501 3135 χαρακτῆρα
1536 3015 1652 3105 αὐτοῦ
1672 3010 1946 3116 ἐξεικονίζοντα.

719 3147 821 3247 Ἤδη
836 3149 874 3234 δὲ
890 3150 936 3247 ἀς
954 3147 1085 3257 ἴδωμεν
1105 3149 1215 3242 ὁποῖα
1238 3145 1303 3242 καὶ
1324 3155 1427 3245 πόσα
1441 3158 1494 3245 τά
1507 3153 1569 3243 ὑπ’
1591 3150 1707 3242 αὐτοῦ
1727 3151 1951 3270 συνταχθέν-

718 3316 775 3370 τα
799 3288 1169 3394 ἢμεθερμηνευδέντα
1207 3294 1505 3407 συγγράμματα,
1535 3292 1765 3395 ἐξετάζοντες
1806 3301 1948 3399 πρῶτον

720 3414 765 3502 ἐν
778 3413 929 3506 ἐκτάσει
949 3412 1016 3508 καί
1037 3430 1278 3542 χρονολογικῇ
1295 3425 1415 3534 τάξει,
1439 3424 1616 3537 ὧςεῖκός,
1632 3431 1685 3517 τά
1706 3429 1770 3517 διά
1795 3438 1861 3516 τοῦ
1884 3425 1951 3514 τά·

722 3588 795 3644 που
820 3558 1103 3662 δημοσιωθέντα
1118 3566 1195 3671 δῦ),
1212 3568 1278 3650 καί
1295 3563 1429 3656 ἔπειτα
1456 3570 1520 3657 διά
1544 3566 1714 3686 βραχέων
1737 3567 1789 3656 τά
1810 3567 1849 3657 ἓν
1864 3581 1950 3665 ταῖς

724 3692 922 3799 δημοσίαις
937 3696 1004 3783 καὶ
1018 3692 1217 3798 ἰδιωτικαῖς
1230 3708 1303 3790 τῶν
1325 3713 1395 3808 τῆς
1415 3700 1564 3811 δφηλίον
1582 3701 1885 3818 μεγαλοοπόλεων
1896 3701 1955 3813 βι-

720 3832 928 3936 6λιοθήκαις
940 3832 1052 3926 εἰσέτι
1068 3834 1270 3947 ἀνέκδοτα,
1286 3842 1386 3949 μετά
1399 3847 1545 3932 πολλῶν
1559 3838 1685 3937 ἄλλων
1706 3851 1776 3950 τῆς
1793 3838 1951 3961 ἀρχαιό-

720 4000 833 4078 τητος
853 3970 1103 4083 εὖροιτιάντων
1115 3977 1361 4097 χειρογράφων
1382 3982 1545 4093 κείμενα.
